2234 3817
143 151 195 213 384
232 136 246 165 χ
459 162 484 201 c,
507 161 598 200 coar.
615 157 729 199 rtcrar
758 140 760 143 ’

144 251 268 299 virtutem
276 284 283 306 ,
292 245 409 312 viresque
417 243 529 311 partium
536 260 551 292 n
564 243 680 293 extollit:
691 240 872 311 utrauslugisse
883 245 998 298 classem
1008 266 1016 316 3
1027 250 1058 304 iss

145 334 217 373 arcto
231 332 401 371 commeatum
414 318 549 368 :adversas
560 318 656 367 Gallias
664 318 848 383 Hispaniasque
856 319 940 369 :nihil
953 323 980 370 in
991 325 1058 376 urbs
1107 332 1108 399 l

144 396 224 446 fidum
234 413 248 444 >r
262 407 355 458 :atque
364 392 449 443 omnia
457 388 601 442 deVitellio
614 391 640 439 in
648 390 768 440 deterius.
781 392 842 441 Mox
853 392 1057 458 incipientibus,
1107 436 1108 447 r

144 472 189 536 qui
202 466 429 527 conscinderent,
446 477 543 515 ceteros
554 480 582 513 rc
594 463 658 512 novi
675 465 798 514 attonitos
805 500 814 525 ,
825 465 850 512 in
860 468 942 531 *verbs
950 468 1056 535 vesp..
1107 464 1108 509 ἶ

145 542 209 592 siarri
217 541 309 606 adigit:
319 540 396 588 simul
402 539 503 589 Vitellii
511 539 633 603 imagines
641 537 762 603 dereptae,
771 549 796 586 et
804 539 876 586 missi
885 540 929 603 qui
937 539 1054 592 Antonio

143 616 298 666 nuntiarent.
315 614 365 662 Sed
377 612 421 661 ubi
431 612 490 662 totis
502 613 591 661 eastris
606 612 633 661 in
646 612 712 660 lami
727 611 856 678 proditio,
871 629 1009 666 recurrens
1025 619 1052 668 in

143 684 267 755 principia
276 686 535 755 miles,prescriptum
544 685 695 753 Vespasiani
703 686 1054 752 nomensprojectasVitellii

111 815 113 821 s
138 762 233 826 effigies
249 759 383 826 adspexit}
400 769 500 808 vastum
516 757 601 824 print
620 759 764 819 silentium,
784 776 846 809 rnox
863 772 950 810 cuneta
967 763 1054 814 simul

141 848 297 902 erumpunt:
310 836 391 886 oHuo
401 835 520 884 cecidisse
531 836 678 885 Germanici
685 834 811 886 exercitiis
821 836 939 901 gloriam,
951 848 983 885 ut
995 839 1055 887 sine

141 903 235 970 prelio,
244 904 298 950 sine
306 902 420 958 vnlnere,
429 903 526 950 vinctas
534 916 632 960 manus,
638 913 665 951 et
672 913 745 968 capta
750 900 969 953 traderentsrusa?
979 905 1054 968 Ωιι,

142 976 210 1026 enim
217 977 249 1024 bs
259 975 360 1024 divorso
369 970 499 1040 legiones?
511 990 602 1039 nempe
610 976 690 1023 rictas
702 986 745 1025 :et
753 975 841 1024 abesse
851 977 953 1025 unicum
963 975 1054 1026 Otbo·

141 1051 211 1100 niani
222 1048 347 1098 exercitus
360 1049 452 1111 robur,
466 1049 611 1115 primanos,
620 1048 906 1114 quartadecimanosque
917 1068 923 1098 s
935 1067 1002 1115 quos
1010 1062 1054 1101 ta·

139 1138 200 1173 men
209 1159 215 1180 ,
225 1122 316 1173 iisdem
330 1123 380 1171 illis
395 1123 507 1188 campis,
521 1121 633 1172 fuderint
647 1124 847 1188 straverintque‚
863 1135 894 1173 ut
908 1135 947 1173 tot
962 1140 1053 1174 arma·

140 1209 227 1247 torum
239 1196 318 1246 millia
326 1198 409 1259 ,velut
419 1212 478 1262 grex
487 1195 625 1253 venalium,
635 1199 716 1246 exsuli
724 1198 839 1247 Antonio
848 1197 944 1247 donum
953 1196 1053 1248 daren-

95 1280 96 1283 ’
142 1280 194 1320 tur.
214 1263 279 1318 Octo
299 1270 421 1318 nimirum
434 1270 546 1335 legiones
560 1272 638 1320 nnius
647 1271 733 1320 elassis
752 1264 921 1320 accessionem
934 1269 1002 1322 iore.
1020 1271 1053 1321 ld

140 1337 232 1400 Rasso,
244 1341 270 1390 id
283 1341 383 1391 Caecina
393 1343 493 1403 visum,
503 1337 639 1410 postquam
658 1343 763 1405 domos,
778 1342 878 1405 hortos,
897 1360 959 1409 opes
975 1346 1052 1409 prin·

140 1415 192 1480 cipi
202 1415 365 1473 abstulerint,
378 1416 456 1464 etiam
466 1417 590 1466 militibus
598 1417 741 1483 principem
748 1415 846 1466 auterre
852 1453 860 1477 ,
869 1418 927 1465 liost
935 1416 1051 1483 integros

139 1489 351 1554 incruentosque,
370 1491 499 1542 Flavianis
516 1509 616 1558 qnoque
633 1493 748 1558 partibus
760 1493 831 1543 viles.
849 1491 918 1558 Quid
933 1490 1050 1543 dicturos

139 1563 332 1630 reposcentibus
343 1576 387 1614 sut
399 1581 534 1632 prospers,
544 1578 588 1616 snt
600 1565 704 1616 adversa
714 1564 749 1616 n?

174 1636 248 1690 xlv.
265 1637 322 1687 llaec
333 1639 438 1703 singuli,
449 1638 501 1687 baec
512 1641 634 1696 universi,
645 1651 806 1704 utquomque
815 1639 890 1689 dolor
899 1641 1050 1710 impulerat,

140 1709 306 1759 vociferantes
317 1747 324 1768 ,
335 1711 405 1759 initio
418 1707 431 1757 is
445 1708 530 1773 quinti
539 1708 639 1772 legione
648 1721 708 1757 orto
721 1729 728 1758 :
741 1712 862 1773 repositis
872 1713 972 1765 Vitellii
982 1717 1053 1768 ima·

139 1782 257 1848 ginibus,
268 1783 349 1837 vinela
360 1783 462 1833 Carcine
474 1780 609 1846 inliciunt:
618 1781 727 1843 Fabium
739 1782 874 1830 Fabullum
883 1819 891 1845 ‚
900 1787 1002 1848 qnintae
1013 1790 1054 1839 10.

139 1858 223 1923 gionis
231 1858 358 1924 legatum,
370 1869 396 1908 et
407 1857 523 1908 Cassium
532 1855 661 1922 Longum,
670 1854 812 1922 praeleetum
823 1868 985 1920 castrorum,
1000 1861 1054 1913 da.

140 1946 183 1979 ces
194 1929 307 1998 deligunt
317 1950 323 1980 ι
333 1931 398 1982 for-tt
406 1932 511 1995 'oblatos
522 1930 601 1980 trium
613 1929 808 1979 Liburnicarum
823 1929 934 1989 milites,
946 1933 1050 1997 ignaros

83 2056 87 2065 ι
140 2013 168 2052 et
180 2004 292 2054 insoutes
301 2042 308 2062 ‚
321 2004 450 2056 trucidant
459 2024 466 2056 ε
478 2005 575 2054 relictis
584 2007 686 2066 castris,
696 2005 803 2069 abrupto
812 2014 890 2070 ponte
896 2037 904 2065 ,
911 2005 1050 2056 Hostiliam

140 2077 242 2138 sursise,
253 2078 311 2128 iude
324 2082 477 2131 Cremonam
487 2093 615 2148 pergunt,
627 2092 657 2129 ut
666 2080 826 2146 legionibus,
845 2080 930 2144 primae
946 2078 1051 2144 ltaliae,

139 2163 167 2199 et
183 2152 376 2201 unietvicesimoe
390 2153 486 2218 Rapaci
500 2152 679 2215 jungerentur,
690 2169 752 2217 quas
764 2152 875 2210 (lecina,
883 2151 916 2203 ad
926 2153 1048 2205 obtinen-

140 2224 199 2273 dam
211 2226 378 2280 Cremonam,
390 2241 448 2273 cum
459 2236 531 2289 parte
542 2226 657 2288 equitum
669 2226 832 2289 premiserat.

173 2296 232 2346 XV.
247 2295 296 2342 Ubi
309 2294 360 2343 lraeo
372 2310 502 2361 comperta
514 2300 644 2361 Antonio,
661 2297 792 2347 discordes
804 2298 895 2349 animis
902 2334 910 2358 ,
924 2297 1047 2353 discretos

138 2366 235 2414 uiribus
244 2364 355 2413 bostium
365 2369 605 2432 exereitusadgredi
614 2371 717 2426 statuit,
727 2382 863 2433 antequam
872 2371 979 2424 ducibus
985 2394 1046 2427 aue

137 2436 239 2493 toritas,
252 2435 328 2484 militi
344 2438 510 2501 obsequium,
526 2450 552 2486 et
566 2439 659 2499 junctis
675 2440 818 2503 legionibus
829 2441 923 2493 fiducia
935 2448 1044 2502 redires:

137 2526 247 2574 namque
258 2509 363 2559 Fabium
375 2510 526 2568 Valentem,
537 2509 681 2574 proiectum
692 2514 725 2561 ab
738 2511 817 2570 urbe,
829 2513 1044 2571 adceleraturum-

138 2593 187 2642 que
206 2576 305 2642 cogniti
321 2575 423 2627 Caeeiue
442 2572 603 2640 proditione,
620 2576 799 2638 coniectabat:
815 2590 841 2628 et
858 2580 924 2633 fidus
940 2586 1044 2637 Vitellio

138 2649 249 2711 Fabius,
260 2662 307 2698 n'ec
321 2647 416 2699 militie
429 2647 540 2713 ignarus.
550 2647 632 2697 Simul
646 2649 734 2713 iugens
746 2648 934 2710 Gennanornm
949 2661 989 2710 vi,
999 2677 1043 2728 per

139 2724 246 2773 Retiam
258 2725 392 2776 timebatur
403 2740 409 2771 :
420 2734 445 2771 et
457 2720 603 2780 britannia,
617 2720 764 2789 Galliaque,
779 2736 805 2773 et
818 2729 938 2795 Hispauii
950 2736 1043 2787 auxilia

139 2797 261 2848 Vitellius
270 2797 567 2860 acciverat5irnmeusam
575 2795 638 2846 belli
647 2794 730 2854 luem,
739 2797 911 2864 uiAutonius,
922 2802 948 2850 id
958 2806 1043 2872 ipsum

139 2881 271 2928 metuens,
287 2867 405 2917 festinato
419 2868 505 2935 praelio
520 2869 653 2919 victoriam
665 2874 832 2937 praecepisset.
846 2873 968 2923 Universo
984 2896 1043 2931 cum

139 2943 269 3001 exercitu,
284 2941 402 2993 secundis
417 2939 431 2988 is
444 2934 547 3001 Verona
558 2943 661 2998 castris,
677 2943 826 2993 Bedriacum
843 2945 911 2993 venit
920 2962 926 2993 :
936 2963 1044 3013 postero

107 3030 112 3059 κ
139 3009 196 3067 die,
209 3012 349 3074 legionibus
365 3012 397 3060 ad
414 3011 581 3065 muniendum
597 3016 719 3076 retentis,
735 3018 865 3073 auxiliares
879 3016 1000 3075 cohortes
1017 3029 1042 3079 in

139 3085 336 3135 Cremonensem
351 3092 438 3148 agrum
454 3086 551 3146 misse,
568 3099 598 3143 ut
614 3092 698 3154 specie
712 3090 877 3157 parandarum
891 3096 1042 3161 copiarum,

138 3156 208 3205 civili
216 3155 298 3221 predi
307 3159 381 3206 miles
393 3158 557 3209 imbueretur.
570 3164 641 3228 Ipse,
654 3181 712 3214 cum
724 3178 831 3229 qustuor
843 3168 956 3221 millibus
966 3178 1040 3238 equi·

137 3242 210 3289 tum,
222 3229 254 3277 ad
268 3232 385 3280 octaium
397 3232 411 3280 i
423 3233 545 3282 bedriaco
563 3251 722 3301 progressus,
735 3237 785 3302 qud
801 3238 919 3292 licentius
935 3250 1039 3313 popula.

110 3300 115 3305 “
137 3312 226 3351 rentur
238 3317 244 3347 :
256 3301 427 3365 exploratores
438 3304 477 3369 (ut
485 3321 541 3354 mos
553 3306 600 3372 est)
609 3308 709 3373 longius
718 3310 848 3360 curabant.

133 3425 137 3433 Ι
170 3369 247 3431 livi,
258 3372 352 3435 Quinta
361 3372 439 3450 terme
448 3374 511 3435 bora
521 3376 644 3442 dieierat,
656 3396 734 3453 quum
743 3381 808 3434 citus
819 3400 909 3456 eques,
920 3385 1036 3449 ssdrerr·
