2234 3817
336 202 343 213 .
372 155 551 197 ιιιιιιιιι
569 157 633 199 ιιι.
651 159 672 203 ι,
941 146 973 206 31

91 241 211 295 LXVIII.
223 240 304 291 Haud
313 257 400 289 manus
409 256 508 304 rnqures
517 242 660 291 Germanus
667 256 728 307 spe
736 243 888 311 ,cuprdrne
900 248 978 297 etoi-

57 314 498 377 versisducumsententiisagebat:
505 314 622 364 Arminio
630 317 887 388 ,tsiuerentegredi,
898 337 980 386 egres»

53 407 147 455 sosque
160 405 267 440 rursum
284 406 345 460 per
346 386 453 434 humida·
470 396 497 433 et
499 388 633 462 impedita
648 391 900 451 circumvenirent»,
916 410 978 442 sor·

53 465 154 513 dente.
165 463 293 512 atrociora
303 451 479 525 Inguiomero,
493 467 518 508 εἰ
531 461 587 509 lreta
599 460 724 524 barbaris,
736 476 785 512 ιιιι
794 467 889 515 rollum
902 469 979 514 armis

53 537 211 588 ambirent:
229 545 377 599 promptam
393 534 580 623 expugnatione
582 550 608 580 m
617 570 627 597 ‚
643 534 734 599 plnres
743 539 870 601 captivos,
887 543 977 588 incor-

54 622 163 676 ruptam
175 609 287 674 predam
300 599 477 670 soreu,lgltur
485 605 543 654 ons
552 605 611 667 die,
623 609 848 672 proruuntsossar,
861 612 979 678 injiciunt

53 693 145 730 crates
153 680 473 745 ,summarrllipreusant,
480 681 721 745 rarosupermilite‚
728 686 975 747 etquasiobmetum

53 755 150 801 deliro
160 772 167 802 t
178 763 310 819 postquam
321 752 414 802 baesdre
424 752 604 817 munimentis,
616 753 689 803 datur
698 756 846 807 cohortibus
859 761 975 824 signum,

52 844 214 891 cornuaque
227 846 255 877 ac
271 829 336 877 mbae
349 828 522 876 concinuere:
539 829 599 876 exin
614 830 724 879 clamore
740 844 766 879 et
782 833 881 898 impetu
896 834 976 896 tergis

56 904 257 950 Germanorum
269 899 511 958 eiscunlunduntur,
526 901 725 965 exprobrantes,
741 920 813 951 anon
830 904 871 952 hic
885 906 976 965 silvas,

58 992 107 1024 nec
119 975 248 1052 paludes,
257 975 302 1023 sed
313 975 388 1039 aquis
396 973 459 1026 locis
468 988 553 1037 requos
563 973 656 1022 deoru
665 975 741 1023 Hosti
751 973 824 1022 facile
835 976 976 1037 excidium,

14 1111 15 1116 ¹
59 1029 720 1136 etpaucosetsemermoscogitanti,aonustubarnm
727 1045 975 1111 ‚fulgorarrnorum,

59 1119 154 1185 quanto
162 1138 282 1186 rnoprna
293 1118 471 1182 tantbmajora
481 1117 662 1166 offunduntur
655 1118 849 1184 cadebantque,
859 1135 888 1170 ut
896 1124 976 1172 rebus

63 1194 182 1243 secundis
191 1195 276 1253 avidi,
290 1196 325 1243 ita
334 1193 461 1241 adversis
454 1193 559 1240 incauti.
569 1191 714 1243 Arminiua'
708 1205 819 1257 integer,
827 1197 976 1260 lnguiome-

64 1280 177 1331 ruspost
187 1284 263 1332 graue
271 1269 488 1335 vnlnua,pugnam
499 1266 646 1317 derorudtwe
658 1269 749 1333 tulgus
762 1270 914 1319 trucidatum
924 1284 975 1331 est,

69 1336 176 1386 donec'
170 1357 207 1389 tra
229 1352 251 1389 et
265 1340 320 1389 dies
334 1343 483 1407 permonuit.
502 1340 584 1389 Nocte
601 1341 705 1388 demum
722 1357 828 1388 retersae
845 1335 973 1406 legiones

67 1413 184 1475 quamvis
195 1406 250 1480 pios
262 1415 409 1474 vulnerum,
423 1413 514 1463 eadem
528 1411 645 1461 ciborum
658 1424 753 1478 egestas
764 1412 894 1479 fatigaret,
907 1420 975 1483 rim,

66 1487 204 1535 sanitatem
212 1490 323 1554 ,copies,
335 1500 427 1536 cuncta
435 1489 462 1535 in
473 1485 581 1536 victorii
592 1485 711 1536 habuere.

95 1557 199 1610 LXIX.
215 1562 378 1610 Pervaserat'
372 1562 475 1611 mterirn
490 1561 682 1608 «circumventi
695 1543 842 1610 exercitdsn
853 1562 932 1622 bora,
946 1573 976 1614 et

59 1633 175 1683 «infesto
200 1635 384 1686 Germanorum
403 1636 501 1699 agmine
517 1634 615 1682 Gallias
632 1636 729 1699 petis:
747 1651 776 1682 ac
789 1636 817 1682 ni
832 1638 975 1703 Agrippina

40 1721 48 1746 ι
61 1702 214 1773 impositum
227 1708 310 1759 Rheno
323 1721 430 1776 pontem
446 1709 512 1757 solvi
521 1707 703 1772 prohibuisset,
717 1720 790 1756 erant
803 1727 847 1772 qur
841 1709 889 1756 id
900 1713 974 1773 ssogi-

63 1781 122 1829 tium
133 1781 276 1831 formidine
287 1784 432 1834 auderent:
442 1781 488 1831 sed
497 1781 607 1829 semina
601 1797 688 1846 ingens
701 1784 789 1839 animi,
802 1782 974 1833 muniaducis

62 1870 104 1919 per
119 1871 161 1903 eoo
176 1855 235 1903 dies
250 1856 350 1913 induit,
368 1855 555 1942 militibusque,
575 1856 675 1918 utquis
691 1856 778 1920 inops,
796 1866 841 1902 aut
857 1858 974 1910 soricius,

62 1939 161 1974 rentem
169 1939 195 1974 et
202 1928 315 1976 lumenta
326 1913 441 1993 dilargita
451 1938 496 1975 est.
508 1925 639 1975 Tradite.
651 1925 750 1975 Plinius
760 1928 974 1977 Germanicorum

60 1999 316 2063 bellorumscriptor,
325 2003 419 2049 stetisse
431 1999 500 2065 apud
511 1997 663 2064 principium
673 2002 774 2061 pontis,
783 1999 871 2045 laudes
883 2011 975 2061 ιιςιιό,
1000 2011 1003 2014 “

61 2084 98 2121 tes
108 2072 223 2122 reversis
234 2072 374 2136 legionibus
382 2072 528 2122 habentem.
539 2070 571 2118 ld
581 2070 680 2116 Tiberii
689 2071 802 2115 animum
810 2068 886 2117 aitrus
891 2083 976 2133 pene-

61 2148 163 2194 travit:
182 2162 257 2194 onon
277 2145 344 2193 enim
360 2146 485 2212 simplices
500 2160 543 2192 eas
555 2157 627 2190 curas
635 2176 644 2200 ,
660 2156 707 2188 neo
724 2140 843 2189 adversus
857 2154 976 2191 externos

14 2241 15 2244 ¹
62 2214 973 2285 militemquaerr':nilrilrelietnmimperatoribus,ubilenrinamanipulos

61 2292 208 2351 interrisat,
221 2295 291 2356 signa
302 2291 389 2352 adeat,
402 2293 564 2355 largitionem
579 2299 675 2352 tentet,
690 2299 810 2353 tanquam
820 2289 910 2355 partim
920 2309 974 2340 am-

14 2373 16 2378 ·
58 2365 148 2416 bitiosb
162 2365 246 2414 filium
254 2365 329 2415 ducis
338 2365 528 2432 gregalibabitu
537 2362 726 2421 circumferar»,
739 2365 909 2428 Getarumque
920 2367 973 2414 Cr-

57 2437 161 2502 ligulam
180 2441 318 2503 «appelari
330 2440 404 2487 velit.
418 2439 549 2508 Potiorem
565 2438 614 2500 iam
627 2435 695 2501 apud
705 2437 830 2485 exercitus
847 2436 972 2502 Agrippi-

57 2527 128 2575 nam,
140 2510 222 2574 quim
234 2513 329 2576 legatos
335 2548 351 2597 ,ι
357 2511 433 2596 quim
442 2509 538 2560 duces:
546 2525 716 2575 compressam
726 2509 740 2555 'a
749 2509 853 2556 muliere
862 2509 971 2555 seditio-

56 2598 132 2641 nem,
148 2585 192 2631 cui
205 2600 298 2633 nomen
312 2586 436 2651 principis
447 2585 571 2633 obsistere
585 2598 637 2630 non
652 2580 795 2641 quiverit.»
811 2578 973 2631 Accendebat

55 2654 113 2702 haec
119 2656 310 2722 ,onerabatque
322 2657 426 2719 Seianus
432 2695 440 2719 ,
448 2657 540 2724 peritia
550 2668 653 2712 morum
661 2652 757 2697 Tiberii
766 2648 839 2697 odia
831 2667 858 2698 ιιι
867 2651 973 2720 longum

14 2727 15 2736 ¹
56 2725 171 2790 jaciens,
183 2742 237 2789 qua
247 2728 404 2792 reconderet,
416 2743 541 2793 auctaque
552 2732 753 2794 promeret...

91 2797 179 2846 LXX.
194 2797 230 2849 At
242 2802 406 2853 Germanicus
419 2806 551 2887 legionum
562 2813 632 2863 quas
634 2796 742 2844 navrbus
754 2809 869 2851 vexerat
883 2814 974 2848 secun·

55 2870 154 2920 damet
171 2884 287 2935 quartam
303 2875 428 2926 decimam
443 2878 534 2927 itinere
549 2881 663 2921 terrestri
677 2871 706 2919 P
724 2867 831 2920 Vitellio
847 2868 975 2923 ducendis

57 2945 152 3002 tradit,
165 2952 215 3009 quo
224 2947 306 2996 levior
315 2949 403 2999 classis
413 2949 507 2999 vadoso
517 2947 581 2995 mari
591 2948 701 3004 innaret,
711 2944 752 2992 rel
762 2944 891 3008 reciproco
902 2946 974 2997 side

53 3021 103 3069 r'et.
114 3018 234 3068 Vitellius
242 3022 358 3086 primum
370 3025 421 3072 iter
429 3022 493 3071 sicori
502 3020 592 3078 burno,
599 3016 971 3139 agmodiceadlabente'aestu,

55 3093 171 3157 quietum
180 3090 288 3143 habuit:
281 3112 361 3145 mox
372 3097 485 3161 impulsu
494 3094 629 3160 aanlours
650 3093 711 3140 unul
722 3090 804 3139 ardere
813 3096 974 3156 aequrnoetrr,

54 3165 105 3230 qud
112 3164 224 3212 maxim'e
234 3167 357 3218 tumescit
367 3168 484 3218 Oceanus
487 3170 566 3235 ,rapi
560 3168 649 3230 agique
657 3180 761 3234 agmen:
756 3165 972 3229 .etopplebantur

54 3250 141 3286 terrae:
148 3235 240 3284 eadem
251 3236 329 3306 freto,
339 3242 541 3308 littori,campis
550 3240 642 3290 iacies:
653 3230 976 3299 nequediscernipoteraut

56 3310 296 3361 incertaabsolidis
305 3313 593 3380 ,breviaaprolundis·
587 3307 895 3359 ·sternunturiluctibus
906 3307 976 3356 hnu-

54 3384 326 3451 riuuturgnrgitibor:
320 3361 976 3514 .jumentasarcinre,corporaexanimpqeterlluws
