2234 3817
324 198 561 247 amaonrsnusr
579 200 648 236 nsua
666 201 695 237 r.
908 189 958 242 455

29 301 64 340 at
77 287 190 355 quisque
202 290 286 334 'ramus
296 282 441 342 intumuit3
452 284 473 330 si
485 283 538 329 vim
553 279 611 329 lerri
624 280 758 342 adhibeas,
767 295 861 349 parent
870 301 956 346 renae3

25 365 167 428 fragmine
176 361 267 427 lapidis
277 396 284 419 ,
295 371 338 407 ant
351 358 412 406 testi
423 359 588 424 aperiuntur:
602 356 696 405 humor
706 358 732 406 in
743 375 788 406 usu
799 355 955 409 medentium

31 450 91 488 est.
108 437 268 500 Praecipuum
284 435 410 482 montium
421 434 547 481 Libanum
560 432 649 496 erigit,
662 433 755 480 mirum
766 432 854 499 dictu,
870 445 954 483 tantos

29 513 109 562 inter
114 508 224 557 ‘ardores
237 523 359 573 opacum,
373 505 501 568 fidumque
510 504 620 553 nivibus.
630 503 702 552 Idem
711 522 811 554 amnem
820 508 834 554 J
835 507 957 556 ordanem
990 532 992 537 ¹
1014 506 1017 510 ’

33 585 85 635 alit
98 619 105 641 ,
119 581 265 645 funditque,
280 580 333 629 Nec
345 578 467 627 iordanes
477 579 567 643 pelago
577 579 715 643 accipitur:
732 579 867 628 sedunum
882 592 957 644 atque

34 655 249 708 alterumlacum
260 655 355 716 integer
367 652 470 717 perfluit
480 671 492 715 ·,
502 652 577 699 tertio
586 652 728 700 retinetur.5
737 651 818 701 Lacus
834 655 957 702 iutmenso

35 729 165 788 ambitu,
179 728 261 792 specie
271 725 361 785 maris,
380 740 467 790 sapore
479 725 638 793 corruptior,
650 724 772 791 gravitate
787 725 871 774 odoris
884 742 958 774 acco-

32 804 68 852 lis
87 793 216 866 pestifer,
235 805 317 864 neque
334 808 410 847 vento
430 797 585 863 impellitur,
605 814 687 879 neque
713 798 796 864 pisces
812 809 857 848 aut
874 811 958 849 suetae

38 874 244 941 aquisvolucres
256 875 362 938 patitur.
380 874 484 925 Incerta
496 871 585 921 undo:
600 874 752 939 superiacta,
764 885 793 922 ut
808 874 904 934 solido,
917 875 957 937 le·
995 904 998 909 ·

40 960 126 998 runt:
142 947 219 1012 periti
236 947 398 1013 imperitique
413 945 490 995 naudi
505 945 610 1010 perinde
627 946 788 995 attolluntur.
808 948 884 996 Certo
897 951 957 998 anni
978 944 984 945 7
1037 940 1046 951 X

41 1022 164 1070 bitumen
174 1021 253 1084 egerit
263 1037 271 1087 5
282 1017 355 1082 cujus
368 1018 470 1084 legendi
481 1034 569 1076 usum,
583 1031 611 1067 ut
621 1031 717 1068 ceteras
729 1031 809 1083 artes,
825 1023 958 1086 experien-

40 1096 78 1143 tia
89 1092 194 1142 docuit.
204 1092 267 1140 Ater
276 1090 365 1161 suipte
375 1090 464 1140 natura
473 1089 557 1154 liquor
567 1127 574 1149 ,
590 1103 616 1143 et
626 1108 712 1158 sparso
722 1104 793 1141 aceto
807 1105 957 1155 concretus,

39 1167 160 1214 innatat:
172 1162 243 1212 bunc
252 1180 328 1212 mauu
338 1175 450 1229 captum,
459 1162 550 1228 quibus
558 1180 587 1214 ea
596 1180 665 1224 cure,
674 1166 700 1213 in
712 1181 809 1213 summa
821 1167 892 1213 navis
901 1177 957 1215 tra-

38 1237 119 1288 bunt.
127 1235 200 1299 lude,
208 1236 277 1286 nullo
288 1236 398 1300 iurante,
406 1236 498 1297 influit,
512 1249 660 1303 oneratque,
669 1237 957 1289 donecalisciudastnec

39 1309 191 1361 abscindere
199 1327 245 1360 aere
254 1309 351 1360 lerrove
359 1310 440 1377 poesie
449 1328 455 1359 :
465 1310 529 1376 sugit
539 1324 668 1375 cruorem,
677 1322 823 1374 restemque
835 1309 953 1360 inlectam

41 1386 181 1452 sangnine,
197 1400 250 1450 quo
256 1385 352 1434 femina
361 1400 509 1452 permenses
516 1388 685 1437 exsolvuntur
695 1403 701 1434 :
715 1386 956 1435 sicreteresaucto·

43 1478 97 1512 res.
108 1457 157 1509 Sed
166 1462 238 1526 gnari
251 1460 368 1509 locorum
380 1461 500 1520 tradunt,
515 1462 641 1512 undantes
651 1461 776 1511 bitumine
787 1460 867 1508 moles
877 1460 955 1526 pelli,

38 1549 170 1598 manuque
182 1532 249 1590 trahi
263 1534 296 1583 ad
312 1535 401 1583 littus:
413 1549 488 1591 mox,
506 1535 550 1582 ubi
570 1551 664 1601 vapore
686 1533 882 1593 rerrae,vis01is
900 1534 958 1583 ins·

25 1642 28 1667 e
43 1609 160 1662 ruerint,
171 1607 303 1655 securibus
317 1608 466 1670 cuneisque,
480 1607 604 1655 attrahes
617 1604 742 1663 anteana,
758 1604 873 1654 discindi.

25 1718 28 1741 2
75 1678 140 1730 Vll.
157 1678 234 1728 Haud
248 1679 338 1744 procul
350 1678 410 1726 inde
422 1680 520 1742 campi,
537 1696 601 1739 quos
612 1678 701 1746 lerunt,
709 1676 772 1726 olim
783 1679 886 1738 uberes,
898 1689 957 1727 nto-i

26 1754 155 1816 finisque
171 1751 275 1799 urbibus
296 1749 436 1804 habitatos,
456 1747 671 1807 bilmiuumtiactu
691 1751 798 1799 misse:
818 1763 843 1800 et
857 1768 960 1802 manere

25 1858 33 1886 ‚4
43 1826 169 1889 vestigia3
179 1835 320 1886 terramque
329 1820 410 1886 ipsam
418 1855 426 1877 ,
435 1821 518 1883 specie
529 1819 667 1876 torridam,
678 1821 730 1867 vim
741 1822 888 1884 frugiferam
897 1841 957 1889 per-

25 1930 29 1961 ,
46 1897 228 1948 didisseblanr
237 1907 325 1947 cuncta
336 1906 428 1961 sponte
436 1890 521 1957 edita,
536 1903 580 1941 aut
589 1903 745 1952 menu‘sata,
759 1895 812 1942 sive
827 1894 905 1946 herba
918 1909 957 1947 te.

25 2006 27 2033 :
44 1989 93 2022 nus
106 1981 155 2020 aut
171 1962 244 2034 flore,
260 1987 304 2019 seu
317 1971 421 2019 solitam
434 1968 461 2016 in
482 1967 593 2032 speciem
605 1962 739 2015 adolerdre
750 2003 757 2025 ,
769 1977 822 2015 atra
838 1981 864 2017 et
875 1971 958 2022 inanis

25 2078 27 2105 3
47 2048 119 2095 velut
134 2045 160 2092 in
181 2046 292 2093 cinerem
303 2052 450 2094 vanescunt.
467 2040 521 2108 Ego
540 2041 608 2092 sicut
620 2040 726 2106 inclytos
742 2041 870 2105 quondam
881 2045 957 2096 urbes

47 2120 107 2184 igne
119 2117 216 2166 coelesti
224 2119 340 2184 flagrasse
349 2115 515 2173 concesserim
524 2150 533 2179 ,
543 2114 580 2163 ita
591 2112 670 2162 halitu
683 2111 752 2162 lactis
763 2113 831 2164 infici
846 2128 937 2167 terram
947 2156 956 2179 ,

49 2191 183 2257 corrumpi
191 2191 353 2258 superfusum
364 2191 496 2259 spiritum,
506 2187 586 2254 ebque
598 2186 672 2236 loetus
682 2190 795 2252 segetum
807 2200 832 2237 et
841 2188 957 2241 autumni

46 2277 191 2330 putrescere
199 2279 267 2324 reor,
278 2267 332 2314 solo
342 2266 455 2328 coeloque
466 2260 534 2327 justi
545 2261 624 2325 gravi.
637 2262 670 2310 Et
677 2260 751 2308 Belus
763 2263 843 2311 amnis
852 2263 958 2314 ludaico

47 2338 117 2384 mari
126 2336 240 2386 illabitur
251 2355 257 2386 a
269 2340 334 2388 circa
345 2338 416 2403 cujus
433 2354 463 2387 os
479 2335 591 2385 collecte
606 2349 699 2392 arene,
716 2332 829 2385 admixto
839 2337 920 2397 nitro,
931 2337 959 2389 in
1008 2355 1011 2361 ·

47 2409 148 2457 vinum
167 2425 341 2476 excoquuntur
357 2411 518 2465 modicum
535 2409 562 2458 id
579 2410 666 2469 littus,
679 2411 706 2456 et
716 2408 875 2472 egerentibus
886 2412 959 2461 iuex-

25 2528 26 2539 ,
47 2480 178 2530 haustum.
731 2481 733 2485 ’
958 2517 963 2531 .

79 2551 155 2605 Vlll·
167 2552 257 2617 Mffssnfl
268 2567 327 2618 pm
338 2554 429 2601 ludas
439 2558 502 2607 vicis
514 2557 684 2623 dispergitur:
700 2555 794 2606 habent
812 2568 838 2605 et
854 2556 957 2622 oppida.

48 2625 229 2693 Hierosolyma
238 2628 307 2693 genti
321 2636 406 2693 caput.
420 2625 476 2674 Illic
489 2627 619 2673 immensa
631 2628 765 2690 opulentiae
778 2628 901 2694 templum
914 2639 961 2695 με

47 2698 143 2767 primis
158 2692 319 2749 munimentis
333 2699 409 2756 urbe,
420 2697 478 2745 dein
488 2699 557 2761 regia
566 2712 573 2761 ς
582 2698 706 2761 templum
720 2699 815 2747 intimis
826 2703 939 2753 clausum
953 2720 960 2750 :
973 2731 977 2738 ·

48 2775 80 2822 ad
88 2773 160 2823 loru
169 2773 263 2822 tantiam
273 2772 359 2822 Judaeo
370 2770 468 2821 editus:
478 2771 576 2829 limine,
582 2781 671 2835 praeter
682 2772 833 2836 sacerdotes,
840 2774 960 2824 arceban-

25 2894 27 2905 ,
48 2857 98 2898 tur,
108 2846 177 2893 Dum
188 2844 306 2914 Assyrios
315 2861 406 2909 penes,
417 2843 557 2907 Medosque
567 2879 576 2902 ,
586 2855 611 2892 et
621 2841 709 2891 Persas
721 2844 812 2894 Oriens
821 2844 886 2905 fuit,
899 2846 959 2896 des-

25 2914 27 2947 t
46 2919 194 2984 pectissima
204 2934 262 2984 pars
273 2918 439 2991 servientium
450 2918 603 2983 {postquam
616 2915 770 2966 Macedones
785 2921 939 2984 praepotudre
949 2956 960 2980 ‚
982 2940 985 2944 ·

46 3006 88 3040 rex
103 2993 247 3042 Antiochus
264 2991 365 3041 demere
380 2993 587 3058 superstitionem
597 3026 603 3048 ‚
612 3000 638 3038 et
648 3006 730 3038 mores
742 2991 888 3040 Graecorum
898 2994 960 3042 dare

48 3064 172 3121 adnixus,
189 3068 323 3129 quominus
340 3068 495 3115 teterrimam
507 3058 610 3131 gentem
623 3065 648 3112 in
662 3065 753 3113 melius
764 3077 885 3122 mutaret,
898 3069 960 3117 Par·

47 3135 156 3187 thorum*
169 3138 237 3188 bello
247 3139 392 3207 prohibitus
404 3153 441 3189 est
458 3140 536 3206 (nam
546 3139 576 3189 ei
592 3143 742 3204 tempestate
754 3138 861 3188 Arsaces
877 3140 960 3190 desci-

46 3212 147 3276 verat).
171 3212 239 3279 Tuus
257 3215 352 3277 ludaei,
370 3214 552 3265 Macedonibus
575 3213 705 3276 invalidis,
722 3212 821 3261 Parthis
843 3214 958 3271 noandum
1011 3226 1032 3238 ’·

47 3284 143 3334 adultis
153 3283 196 3350 (et
205 3280 314 3337 Romani
325 3288 414 3353 procul
424 3289 513 3353 erant)
530 3289 579 3338 sibi
591 3290 638 3354 ipsi
649 3303 720 3352 reges
734 3286 874 3352 imposuere
889 3305 895 3335 ε
913 3292 959 3353 qui
1020 3342 1023 3350 p

47 3359 192 3409 mobilitate
203 3360 396 3426 rulgiexpulsi,
404 3362 538 3427 resumpti
550 3377 596 3427 per
607 3376 676 3407 arma
686 3359 872 3419 dominatione,
886 3360 959 3424 lugat

49 3430 147 3483 cinnam
157 3466 166 3494 ,
179 3426 284 3493 urbium
295 3437 437 3507 eyersiones
443 3468 452 3498 ,
463 3432 571 3499 isaurus
580 3468 589 3496 ,
599 3431 750 3502 conjugum,
764 3443 896 3505 parentum
908 3450 958 3494 nav„
