2234 3817
435 119 638 182 lsnrcorl.'
925 137 974 209 ²⁸9

63 227 142 277 dium
153 236 178 276 et
187 222 305 273 solatium
317 222 394 273 simul
408 242 413 271 ε
426 242 482 273 nam
495 227 574 274 lilium
586 223 643 274 antd
655 225 782 275 sublatutb
792 227 864 278 breul
875 231 973 282 amitit.

63 304 129 350 Mor
142 303 205 348 inter
216 309 381 362 quaesturam,
392 315 421 346 ac
435 291 592 362 tribunatum
603 300 700 364 plebis,
713 313 788 364 atque
800 303 875 349 etiam
890 305 973 368 ipsum

62 373 207 426 tribunatus
218 387 312 419 aunum
325 372 408 433 quiete
417 384 443 420 et
452 374 505 421 otio
518 374 623 438 transit,
633 389 725 438 gnarus
738 374 787 423 sub
796 376 896 423 Nerone
907 389 974 427 tem·

64 466 156 515 porum
165 484 172 504 ,
182 447 274 510 quibus
284 445 374 492 inertia
385 462 431 510 pro
442 447 565 516 sapientiai
577 446 634 494 fuit.
647 446 718 494 Idem
729 458 842 512 praeturae
854 460 935 512 tenor,
950 463 977 500 et

67 523 197 571 silentium
210 538 215 566 :
227 534 274 565 nec
288 519 357 565 enirn
369 518 510 581 jurisdictio
525 520 671 567 obvenerat.
684 518 782 581 Ludos,
795 531 820 567 et
830 522 912 571 inania
925 526 977 574 ho-

66 599 152 662 noris,
161 595 238 644 modo
248 595 354 642 rationis
362 606 436 659 atque
446 595 604 645 abundantiae
614 596 695 657 duxit,
706 596 745 643 uti
755 597 828 660 longe
838 597 974 668 atuxur'nt,

66 674 103 721 ita
116 672 187 723 famae
198 671 312 735 propior.
328 669 395 717 Tum
411 670 505 724 electus
519 669 533 717 l
549 669 630 719 Galbit
644 669 677 717 ad
691 670 755 719 dona
766 672 921 735 templorum
933 691 978 723 re.

67 742 254 810 cognoscenda,
265 742 454 807 diligentissimi
464 746 648 807 conquisitione
659 742 732 802 lecit,
746 761 778 793 ne
788 743 859 808 cuius
870 746 975 797 alterius

67 820 226 884 sacrilegium
237 817 377 882 respublica
393 816 468 880 quim
483 817 591 865 Neronis
603 819 730 868 sensisset.
792 863 795 868 ι

100 895 159 942 Vll
169 894 279 957 Sequens
291 909 370 939 annus
381 909 451 975 gravr
443 894 567 940 'vnlnere
579 894 691 941 animum
703 892 888 959 domumque
868 911 921 958 erus
929 895 977 944 ad.

43 967 46 972 ’
66 965 148 1017 flixit:
160 967 312 1015 namclassis
321 964 478 1023 Othoniana,
488 965 594 1013 licenter
608 980 698 1028 vaga,
697 965 757 1012 dnm
767 966 906 1032 inTemplo
917 966 977 1033 (Lr-
1032 1001 1041 1013 ,

13 1055 15 1060 ’
67 1043 143 1106 guriae
152 1058 212 1108 pars
225 1037 275 1103 est)
288 1039 412 1087 hostiliter
423 1038 569 1103 populatur,
581 1048 689 1086 matrem
701 1035 839 1101 Agricolae'
833 1057 859 1087 ιιι
873 1040 974 1105 praediis

67 1117 119 1165 suis
129 1114 263 1164 interiecit:
273 1111 415 1176 praediaque
427 1114 481 1175 ipsa
491 1143 498 1168 ,
507 1126 531 1159 et
541 1127 656 1176 magnam
669 1112 817 1177 patrimonii
824 1125 921 1176 partem
934 1114 975 1164 dt-

67 1190 146 1254 ripuit
154 1225 161 1247 ,
172 1202 226 1251 qua
241 1201 314 1233 causa
330 1184 405 1232 cadis
419 1183 507 1233 fuerat.
524 1185 606 1249 Igitur
618 1185 648 1233 ad
664 1186 786 1236 solemnia
797 1187 897 1251 pietatis
908 1187 975 1253 pro-¹

53 1263 55 1274 '
65 1259 281 1324 lectusAgricola,
289 1259 380 1306 nuntio
389 1257 496 1306 affectati
504 1257 516 1305 ir
524 1261 679 1323 Vespasiano
687 1260 975 1325 imperiideprehcnsus,

69 1336 193 1404 aestatim
206 1336 231 1382 in
242 1345 325 1398 partes
337 1345 505 1397 transgressus
518 1345 563 1381 est.
576 1335 651 1381 Initia
663 1333 872 1400 principatils,'ac
881 1348 973 1386 statum
1034 1357 1053 1391 ι·

68 1411 141 1460 urbis
153 1408 284 1456 Mucianus
296 1403 398 1468 regebat
404 1445 413 1467 ,
426 1404 564 1455 admodum
578 1408 668 1470 juvene
677 1408 839 1466 Domitiano,
852 1421 876 1455 et
889 1425 918 1457 ert
927 1427 975 1475 pa-

68 1482 141 1533 terni
152 1480 250 1530 lortnnai
263 1480 363 1527 tantirm
373 1477 504 1528 licentiam
514 1493 659 1546 usurpante.
670 1480 695 1527 ls
707 1482 811 1531 missum
821 1481 852 1530 ad
862 1481 973 1533 delectus

67 1554 179 1621 agendos
192 1553 348 1617 Agricolam,
367 1552 511 1616 integrique
528 1552 673 1601 accucurri
690 1566 831 1611 versatum,
847 1557 971 1603 vicesimas

8 1623 12 1626 ⁸
66 1629 175 1693 legioni,
190 1625 261 1691 tarde
275 1625 307 1672 ad
322 1637 508 1672 sacramentum
524 1636 694 1690 transgressae,
707 1629 856 1691 praeposuit,
869 1630 912 1677 ubi
925 1628 972 1676 de-

66 1721 148 1753 cessor
160 1701 280 1752 seditiosu
296 1716 367 1764 agere
382 1701 546 1748 narrabatur:
559 1701 653 1767 quippe
666 1702 753 1766 legatis
766 1719 866 1784 quoque
879 1719 973 1751 consu·

64 1780 157 1827 laribus
166 1776 243 1826 nimia
255 1790 283 1821 ac
295 1772 459 1822 formidolosa
471 1784 533 1820 erat.
544 1774 597 1822 Noc
605 1775 700 1838 legatus
712 1777 843 1858 praetorius
855 1775 887 1823 ad
899 1776 972 1826 cohi-

66 1851 178 1902 bendum
189 1862 292 1916 potens,
303 1847 427 1894 incertum
440 1862 485 1893 suo
497 1863 528 1891 au
542 1847 672 1894 militum
666 1848 784 1911 ingenio:
796 1848 831 1895 ita
845 1866 972 1898 successor

64 1926 143 1976 simul
156 1937 181 1988 et
190 1924 259 1970 ultor
271 1922 375 1978 electus,
391 1916 520 1966 rarissima
532 1914 722 1975 moderatione,
735 1917 824 1968 maluit
835 1920 955 1971 riderla‘n

13 1993 14 1996 Ἰ
64 2001 168 2050 venisse
179 1997 275 2051 bonos,
285 1993 359 2059 quim
375 1991 474 2041 fecisse.

97 2073 171 2123 vm
179 2071 286 2117 Pr·aeerat
296 2077 353 2114 tunc
360 2065 496 2115 Britannus
504 2063 610 2114 Vectrus
618 2063 728 2111 Bolanus
735 2064 885 2132 ,placidilrs,
896 2069 971 2133 quim

62 2148 142 2197 setocr
152 2159 279 2209 provincia
270 2140 397 2204 dignum
410 2149 464 2185 est
476 2149 629 2201 temperavit
640 2137 756 2201 Agricola
767 2155 819 2186 urm
833 2157 918 2201 suam,
931 2162 973 2192 ar·

64 2223 204 2283 dotemque
215 2216 386 2282 compescuit,
402 2217 434 2260 ne
452 2214 615 2269 incresceret,
635 2213 732 2277 peritus
747 2213 866 2279 obsequi,
883 2217 969 2267 erudi-

63 2310 157 2359 tusque
167 2295 235 2341 utilia
244 2291 357 2340 honestis
367 2289 480 2336 miscere.
490 2289 565 2336 Brevi
576 2287 666 2338 deinde
674 2289 804 2337 Britannia
813 2294 970 2345 consularem

61 2370 183 2420 Petilium
193 2366 316 2416 Cerialem
328 2364 433 2427 accepit.
447 2359 595 2412 Habuerunt
605 2363 711 2411 uirtutes
723 2365 830 2429 spatium
840 2372 971 2436 exemplo·

62 2460 131 2494 ιιιιιι
142 2441 190 2491 Sed
200 2440 283 2508 primii
295 2438 398 2487 Cerialis
410 2436 487 2485 modo
497 2437 595 2485 labores
605 2436 796 2498 etdrscrrmtna
808 2457 867 2489 mox
878 2455 903 2491 et
913 2448 970 2509 glo

60 2518 125 2567 riam
134 2514 355 2565 communicabat:
367 2510 430 2595 saepe
442 2512 506 2575 parti
518 2508 658 2558 exercitiis
654 2527 678 2557 ιιι
691 2512 905 2576 experimentum,
918 2521 970 2567 nli-

59 2590 164 2673 quando
180 2579 320 2650 maioribus
332 2587 411 2652 copiis
426 2601 456 2631 er
469 2595 561 2633 euentu
578 2584 706 2649 prefecit:
724 2599 771 2631 nec
784 2583 901 2647 Agricola
917 2607 968 2640 ιιιι-

60 2679 139 2729 quarn
149 2665 177 2709 in
186 2675 257 2709 suant
265 2660 355 2705 lamam
365 2657 448 2734 gestis
452 2656 572 2704 exsultat
567 2669 602 2716 ιιι
595 2655 644 2703 ad
654 2664 782 2701 auctorem
793 2667 818 2703 et
826 2656 915 2706 ducem
922 2677 969 2721 ‚ut

59 2738 189 2794 minister,
199 2716 470 2802 lortunamrel'erebat:
483 2732 517 2776 ita
528 2692 620 2775 virtule
631 2728 657 2776 in
666 2726 840 2792 obsequendo,
850 2746 968 2802 vereeurt·

59 2808 119 2857 dial
113 2825 140 2858 ιιι
150 2803 324 2871 praedicando,
333 2818 402 2851 entra
410 2802 545 2862 invidiam,
555 2814 602 2844 nec
612 2809 682 2845 extra
691 2797 753 2861 glor
748 2813 796 2845 tarn
803 2813 868 2848 erat.

90 2878 143 2929 IX
152 2882 331 2927 Revertentem
341 2878 372 2923 ab
385 2876 511 2939 legatione
524 2871 629 2956 legionis
642 2870 714 2918 dirus
725 2865 908 2936 Vespasianus
902 2893 969 2934 mter

54 2953 177 3020 patricios
196 2951 321 3007 adscivit,
344 2967 373 2997 ac
392 2948 484 2996 deinde
504 2944 641 3012 prouinciae
658 2944 798 3007 Aquitaniae
817 2949 952 3017 praeposuit
961 2993 970 3027 φ

55 3026 231 3091 splendidam
239 3015 476 3094 primisdignitaris‚
486 3020 703 3069 administratione
714 3036 741 3067 ac
753 3036 796 3103 spe
805 3029 968 3104 consulatus

53 3101 99 3148 cni
111 3098 260 3146 destinarat
273 3096 386 3145 Credunt
395 3096 508 3178 plerique
520 3094 609 3142 rnilitnr
617 3094 689 3142 ibus'
685 3095 790 3156 ingeniis
800 3079 968 3157 subtilitatem

54 3171 164 3225 deesse,
181 3172 237 3233 quia
250 3173 385 3219 castrensis
404 3168 546 3232 jurisdictio
561 3183 647 3214 secura
661 3178 687 3214 ct
703 3167 831 3232 obtusior,
850 3190 878 3221 ac
893 3179 967 3242 plaia

54 3260 135 3291 manu
154 3258 244 3307 agens,
260 3245 428 3293 calliditatem
444 3243 492 3289 lori
510 3259 561 3289 nou
576 3252 704 3289 ‚exerceam
723 3239 840 3304 Agricola
859 3257 967 3306 naturali

57 3316 192 3382 prudentii
200 3356 208 3378 ,
218 3320 336 3381 quamtis
344 3320 411 3367 inter
421 3328 529 3379 togatos,
537 3315 608 3362 sacili
617 3312 832 3379 iustdqneagebat.
842 3318 897 3368 Jaru
906 3325 965 3374 verri

54 3400 173 3456 tempora
184 3407 305 3443 curarum
316 3393 545 3456 remissionumque
555 3387 638 3438 divisa
651 3403 657 3435 ι
672 3387 716 3437 ubi
732 3402 876 3440 conventus
884 3409 912 3442 ac
923 3394 964 3459 ju.
999 3403 1001 3408 ’

773 3457 804 3539 ‘N
