2234 3817
118 161 181 206 ω
420 154 476 201 lt.
494 147 722 202 conu'rscrrr'
754 205 757 208 ,

128 248 230 298 aitatern
241 244 303 294 belli
319 243 402 293 civilis
419 242 551 294 detrusum
561 263 567 293 ι
577 244 670 293 luliasn
678 241 755 293 Drusi
767 241 861 303 liliam,
873 244 1051 313 Sabinamque

128 318 264 385 Poppaeanr
274 318 306 366 ari
314 330 421 367 rnortern
431 329 512 378 acus,
524 330 551 366 et
559 318 691 367 Valerium
706 315 862 376 Asiaticum,
874 318 983 367 Lusium
993 320 1048 369 Sa-

131 395 276 451 turninum,
292 391 436 441 Cornelium
451 393 552 458 Lupum
569 385 774 438 circumventus!
793 389 845 455 iarn
857 392 973 455 equitnm
984 391 1049 443 Ro·

131 475 266 515 manorum
277 465 376 528 agmina
386 461 504 511 damnata
516 497 523 518 ,
537 476 688 525 cumamque
696 455 799 510 ‘Claudii
809 465 948 513 saevitiam»
959 457 1048 520 scitii

130 540 301 602 cisiectaban't.
321 538 380 597 Ille,
395 534 479 584 «nibil
491 543 521 584 er
537 535 577 584 htt
593 546 683 601 sponte
694 548 856 602 susceptum,
872 537 917 587 sed
930 541 1046 606 principi

130 613 267 678 paruisse»
288 608 454 666 defendebat,
473 609 555 658 donec
573 626 630 658 earn
648 610 791 657 orationem
810 609 891 659 Caesar
910 597 1046 676 cobibuit',

131 696 312 751 «compertum
322 682 392 731 sibi»
404 680 517 730 referens
531 698 582 731 nex
594 680 784 729 commentariis
792 680 933 747 patrissui,
944 686 1047 735 nullam

130 758 280 823 'cujusquam
286 753 509 806 accusationemab
516 771 547 803 eo
555 765 695 824 coacturus.
701 754 768 806 Turn
780 754 862 820 «jussa
868 757 1045 809 Messallinaen

131 831 270 898 praetendi,
280 844 306 881 et
316 831 400 879 labare
412 826 541 878 defensio·
550 846 566 877 u
574 829 626 879 Cur
639 830 709 877 enirn
717 829 846 878 neminem
857 832 937 880 alium
951 833 1047 882 delec-

133 918 204 969 turn,
218 906 263 967 qni
275 902 387 951 sevienti
399 897 529 965 impudica
537 913 629 950 'vocem
642 898 783 965 praeberet?
796 902 939 951 Punienslos
951 921 1047 958 rerunt

135 980 259 1027 atrocium
271 977 415 1034 ministros,
424 975 467 1023 ubi
476 975 557 1040 pretia
570 974 695 1028 scelerum
706 973 806 1040 adepti,
816 970 908 1025 scelera
917 977 969 1042 ipsa
980 979 1044 1029 aliis

135 1052 283 1115 delegans».
293 1053 374 1116 igitur
382 1047 498 1114 adempti
509 1049 639 1097 bonorum
648 1059 721 1113 parte
729 1047 799 1112 (nam
808 1047 859 1097 filio
870 1051 1043 1116 etneptipars
1056 1105 1059 1112 .

136 1123 334 1180 concedebatur,
344 1122 571 1185 eximebanturque
579 1121 658 1174 etiam
666 1136 720 1185 qun
729 1131 877 1171 testamento
887 1124 986 1186 matris,
997 1133 1045 1173 aut

136 1199 197 1245 avias
213 1198 348 1264 ceperant)
360 1198 387 1246 in
403 1196 498 1244 insulas
514 1196 630 1244 Baleares
645 1195 768 1260 pellitur:
780 1211 833 1244 non
846 1196 871 1244 in
882 1198 936 1262 ipso
947 1196 1046 1246 discri·
1070 1223 1073 1228 =

134 1273 206 1321 ruine
215 1308 222 1329 ,
232 1288 282 1326 nnn
292 1284 353 1337 post
366 1270 554 1318 damnationem
565 1269 662 1318 fractus
673 1270 766 1317 animo.
782 1269 968 1335 Ferebaturque'
974 1306 982 1329 ,
999 1283 1046 1319 co·

133 1345 208 1407 piosal
220 1357 245 1392 et
257 1347 330 1395 molli
341 1343 392 1394 siti
402 1355 527 1392 semesum
539 1341 606 1391 illud
621 1342 777 1391 toleravisse·
793 1342 888 1396 Filium
899 1343 952 1406 eius
961 1345 1046 1394 Nern»

134 1418 216 1466 linum
228 1417 351 1482 adgressis
364 1415 550 1465 aeneatoribus
560 1431 606 1481 per
616 1415 738 1464 insidiam
749 1418 840 1480 patris,
850 1428 875 1466 et
884 1420 1045 1467 criminare·

136 1488 324 1557 petundarum,
337 1488 481 1538 intercessit
492 1488 623 1553 princeps,
631 1498 749 1551 tanquam
759 1488 818 1536 satis
829 1488 928 1553 expleti
935 1490 1044 1541 ultione.
1107 1523 1115 1534 ι

167 1562 260 1609 XLIV.
279 1558 407 1607 Periclem
425 1570 526 1624 tempus
546 1560 669 1609 Octavius
680 1559 774 1624 Sagitta
786 1595 792 1614 ‚
809 1560 894 1625 plebei
907 1563 1043 1626 tribunus,

132 1634 243 1691 ¹Pontiae,
253 1634 367 1682 mulieris
374 1644 458 1699 nuptae
465 1669 472 1692 ,
484 1647 572 1682 amore
581 1647 684 1692 secors,
697 1633 841 1698 ingentibus
857 1634 930 1684 donis
940 1636 1042 1685 adulte·
1094 1655 1096 1658 ’

136 1709 203 1760 rium
210 1743 218 1770 ,
230 1716 255 1755 et
265 1721 326 1755 mcx
340 1712 376 1756 ut·
385 1707 515 1756 omitteret
525 1707 648 1754 maritum
659 1709 810 1762 emereatur,
823 1722 896 1754 suum
904 1707 1040 1756 matrimo-

136 1781 210 1828 nium
223 1782 390 1846 promittens,
407 1797 437 1829 ac
447 1781 550 1844 nuptias
557 1780 724 1845 *ejus‘pactuu
740 1777 791 1827 Sed
801 1778 847 1826 ubi
857 1778 949 1828 mulier
959 1794 1041 1829 vacua

136 1852 202 1914 fuit,
214 1866 314 1905 nectere
325 1871 425 1914 moras,
439 1854 593 1904 «adversam
602 1853 679 1922 patris
688 1852 862 1901 veluntatemn
874 1853 971 1901 causari
981 1888 987 1911 ,
999 1857 1044 1902 re'·

79 1927 82 1931 ’
133 1925 260 1991 ‘persique
269 1935 314 1992 spe
323 1926 423 1976 ditioris
431 1926 544 1992 coniugis
552 1960 560 1988 ,
568 1925 691 1992 promissa
699 1940 811 1975 exeunte.
822 1924 944 1974 Octavius
955 1925 1045 1994 contri

135 1999 217 2052 modu
236 2002 369 2066 conqueri,
389 2000 468 2050 modii
480 2002 610 2063 minitari,
628 2000 745 2050 niamam'
757 1999 1044 2066 perditam,‘pecuniam

138 2073 307 2124 exhaustam»
319 2076 449 2124 obtestans
459 2091 464 2121 :
476 2066 724 2137 denique'salutem‚
735 2090 790 2139 quae
798 2075 852 2126 sula
861 2075 1041 2139 reliquentem,

140 2147 246 2196 arbitrio
265 2164 318 2211 ejus
339 2149 497 2213 permittens.
515 2145 554 2195 Ac
571 2156 708 2212 postquam
724 2144 904 2215 spernebatur,
924 2158 1045 2199 unocoem

139 2234 217 2268 unam
231 2219 261 2266 ad
273 2218 411 2270 solatiumu
423 2220 520 2288 poscit,
535 2218 604 2282 aqui
617 2217 754 2275 delinitus,
765 2220 907 2269 modurnin
915 2234 1044 2285 posterum

140 2290 302 2340 adhiberet».
316 2292 440 2342 Statuitur
452 2295 513 2343 rior.
527 2292 562 2340 Et
571 2290 662 2339 Pontia
672 2291 778 2348 conmiae
789 2292 886 2339 ancillae
898 2293 1043 2345 custodiam

140 2362 251 2408 cubiculi
261 2362 373 2412 mandat.
384 2363 445 2421 Ille,
459 2380 511 2413 unc
525 2378 584 2412 cum
599 2361 709 2414 liberto,
722 2360 816 2409 serrum
833 2373 902 2410 reste
913 2367 1042 2420 occultum

140 2433 225 2484 insert.
239 2434 306 2484 Tum
315 2448 362 2493 ,tut
376 2436 475 2486 adsolet
486 2438 512 2483 in
524 2445 608 2483 sinere
621 2443 645 2481 et
660 2431 711 2489 iri,
722 2430 819 2498 jurgia,
833 2447 935 2500 preces,
949 2451 1044 2503 capro.

141 2508 235 2576 brutio,
242 2508 379 2560 satisfactio
387 2546 393 2567 ,
402 2503 427 2558 et
436 2525 493 2573 pars
502 2506 660 2558 tenebrarum
669 2504 775 2553 libidine
781 2507 900 2578 seposita.
909 2509 943 2557 tu
952 2523 1043 2574 questu
1070 2559 1075 2567 ,

142 2586 273 2647 incensus,
288 2583 353 2633 nibil
363 2587 519 2642 metuentem
532 2582 598 2631 ierrc
614 2580 816 2654 transverberat,
834 2592 860 2629 et
871 2594 1042 2634 accurrentem

143 2658 260 2707 ancillam
270 2659 374 2707 rulnere
390 2660 511 2708 absterret
519 2655 704 2719 ,cubiculoque
720 2655 873 2720 prorumpit.
886 2654 989 2706 Posteri
1002 2658 1042 2709 (lis

115 2784 117 2789 .
142 2732 275 2780 manifesta
286 2732 379 2786 cades,
392 2731 458 2780 baud
472 2734 605 2796 ambiguus
623 2743 774 2795 percussor:
790 2729 883 2793 quippe
899 2731 1044 2783 mansitasse

136 2803 194 2851 ‘arni
204 2805 408 2852 convincebatur.
422 2803 472 2850 Sed
481 2804 588 2852 libertus
601 2817 697 2851 usuum
709 2799 775 2850 illud
791 2799 906 2849 facinusn
919 2802 1044 2867 profiteri,

144 2871 1043 2941 usepatroniinjurissultumessen.commoveratqneqnosdarnmsgni·

143 2946 233 3006 tudine
244 2949 371 3013 exempli:
385 2947 466 3000 donec
479 2950 584 3009 anciila,
599 2939 744 3002 errulum
756 2942 868 3005 relecta,
880 2962 968 3000 rernm
983 2961 1042 3010 ape-

142 3021 195 3068 rnit
206 3035 212 3065 ι
223 3020 413 3085 postulatusque
429 3019 497 3085 apud
514 3020 632 3069 consules
644 3019 658 3070 i
668 3031 740 3085 patre
754 3016 901 3086 interiecta,
913 3030 1043 3083 postquam

136 3092 275 3141 ¹tribunatu
287 3091 403 3158 abierat,
411 3092 535 3142 sententiis
550 3102 667 3157 patrum,
679 3103 705 3141 et
714 3090 771 3157 lege
782 3089 815 3140 <lc
824 3090 920 3139 sicariis
931 3091 1045 3142 condent-

60 3209 67 3213 „
138 3163 233 3218 natur(
1029 3177 1035 3198 ⁸

126 3268 128 3271 >
175 3243 254 3292 XLV.
270 3241 329 3289 Non
346 3239 430 3287 irrinbs
442 3240 547 3301 insignis
555 3273 565 3295 ,
574 3254 605 3287 eo
615 3254 683 3287 anno
693 3241 702 3293 ,“
710 3237 887 3304 impudicitia,
900 3251 1042 3301 magnorum

130 3307 288 3378 '‘reipublicae
296 3313 421 3358 malorum
432 3313 535 3358 initium
545 3309 615 3362 iecit.
623 3305 718 3360 Eratin
726 3312 827 3359 cisitate
835 3309 928 3358 Sabina
934 3309 1044 3376 Poppaea,
1075 3305 1085 3312 “

139 3383 178 3455 Τ,
188 3385 255 3433 Ollio
266 3393 338 3449 patre
346 3382 431 3447 genita
437 3382 500 3443 ,ssd
512 3396 606 3431 ncmsn
614 3383 655 3433 ari
665 3377 776 3434 nastcrui
785 3392 948 3449 sumpserat,
958 3382 1044 3436 illustri
