2234 3817
403 136 582 178 ιιιιιιυιι
598 144 665 179 ιιι.
682 144 727 181 xt.
975 130 1033 194 ¹52.
1105 124 1108 130 ι

138 220 210 273 Xlll.
229 220 266 270 At
280 217 403 270 Claudius
415 223 571 274 matrimonii
585 226 624 272 sui
640 225 757 290 ignarus,
771 234 797 273 et
813 226 898 273 munis
911 226 1023 281 censorin

105 300 241 362 usurpans,
252 288 422 344 «theatralem
432 298 523 362 populi
532 299 658 348 lasciviam
665 316 680 345 u
687 298 782 345 severis
791 297 1017 364 edictisioorepuit,

105 387 121 419 o
129 370 219 435 qobd
212 388 239 418 m
251 369 283 419 P.
295 369 467 435 Pomponium
479 375 638 423 consularem
648 389 663 420 u
677 373 710 437 (is
721 374 832 421 carmina
845 389 923 421 scenae
935 373 1022 438 debat)

103 460 119 493 (ι
131 445 211 509 inque
221 442 327 491 feminas
340 444 452 492 illustres
464 429 556 530 probra
573 457 663 503 iecerat
671 461 698 493 u.
716 446 748 496 Es
758 446 813 509 iege
823 447 889 497 tart
903 445 1024 493 stetitiam

102 517 262 583 creditorum
283 518 412 573 coercuit,
437 536 490 566 une
507 521 532 566 in
550 530 661 567 mortem
676 530 813 585 parentum
829 520 949 584 pecunias
964 518 1023 567 liliis

102 578 260 640 familiarum
278 589 368 638 irenosi
386 591 509 640 darent».
529 592 671 655 Famesque
685 608 806 656 aquarum
822 593 855 641 ah
870 592 1025 640 Simbruinis

105 663 215 710 collibus
225 660 349 710 deductos
359 666 435 724 ,urbi
446 665 543 713 intulit
553 664 592 714 ric
604 682 683 715 oovas
692 666 835 714 litterarum
845 666 937 713 lorinus
947 662 1021 711 eddi·

74 734 79 743 ⁸
106 734 159 793 dit,
172 737 353 798 vulgaritqoe3
375 748 506 802 comperto
528 738 640 795 Graecanr
661 755 761 804 quoque
779 740 949 787 litteraturam
965 753 1017 785 non

107 810 185 859 simul
197 821 319 873 coeptam,
333 811 539 875 absolutamque.

140 881 215 931 xlv.
226 883 305 931 Primi
322 900 379 949 per-
381 885 471 949 figuras
481 886 629 933 animalium
644 885 759 950 AEgyptii
771 901 861 933 seusus
872 887 964 935 mentis
981 884 1022 933 el-

107 955 253 1020 fingebsut3
278 968 304 1004 et
322 958 498 1021 antiquissima
517 966 683 1006 monumenta
701 961 829 1006 memoria
843 958 981 1005 humaoae'
975 975 1024 1005 rm·
1033 960 1038 981 ’

106 1047 191 1096 pressa
207 1029 276 1077 saxis
288 1042 439 1091 cernuntur,
460 1042 486 1078 et
500 1031 666 1079 «litterarum
684 1041 766 1079 semet
778 1018 924 1078 iriuentotes
935 1030 1024 1096 periti-

105 1101 185 1168 hent3
201 1102 429 1152 «iodePboeuicas
442 1105 596 1168 ‚quiamasi
616 1104 815 1170 praepollebant,
826 1105 940 1152 intulisse
953 1106 1025 1153 (ἰι··ιι

110 1179 153 1227 cie
165 1213 170 1230 ,
180 1177 338 1242 gloriamque
352 1178 474 1242 adeptos,
488 1191 607 1244 tanqusm
617 1179 768 1244 repererint,
778 1195 831 1241 quse
839 1190 987 1243 acceperant
995 1197 1020 1229 u.

112 1249 216 1317 Quippe
226 1252 289 1301 lema
300 1267 353 1316 est,
369 1254 532 1314 «Cadmum,
545 1255 624 1304 classe
635 1253 782 1302 Phoenicum
793 1246 908 1313 rebeum,
920 1253 1027 1301 rudibus
1039 1263 1043 1271 '

113 1324 199 1379 adhuc
216 1327 361 1375 Grseoorunr
378 1318 483 1393 populis
498 1330 558 1377 artis
576 1330 629 1391 ejus
642 1340 772 1377 auctorem
783 1325 858 1376 luisse
873 1345 899 1376 u.
913 1327 1024 1387 Quidum

113 1399 272 1464 «Cecropem
283 1398 477 1452 Atheniensem.
493 1402 533 1450 iel
543 1402 636 1449 Linum
647 1400 813 1469 Thabpnunr,
829 1412 854 1449 et
863 1402 1025 1467 temporibus

111 1472 230 1533 Troianis
244 1472 404 1521 Palamedem
414 1474 562 1536 Argivump
578 1485 738 1532 memorant,
757 1472 907 1520 «sexdecim
924 1475 1025 1520 littera·

110 1560 171 1594 rum
181 1544 290 1593 formas
302 1563 362 1593 mox
372 1547 453 1601 altos
465 1562 494 1594 so
503 1563 660 1619 praecipuum
675 1545 833 1595 Simonidem
845 1558 941 1594 ceteras
952 1560 1026 1609 repe

109 1616 208 1667 rissea.
226 1617 385 1668 Aristrato
401 1621 499 1669 Etrusci
517 1621 548 1668 ab
564 1610 858 1677 corinthionemsmro
874 1618 1025 1683 Aborigines

108 1689 209 1742 Arcade
223 1691 255 1738 ab
264 1692 381 1740 Ειιιιᾶιο
392 1692 551 1743 didicerunt
562 1706 588 1742 et
599 1692 680 1744 forma
691 1693 901 1747 lrtterrsLatrnrs
914 1709 968 1757 quse
979 1709 1025 1741 rc

107 1766 222 1814 terrimis
229 1767 386 1816 (lraecorunr.
396 1766 446 1816 Sed
453 1768 722 1833 nobisquoquepauon
727 1760 839 1835 primirm
847 1763 1025 1815 iuer-ezdeinde

109 1839 201 1888 addite
211 1852 279 1890 sunt.
293 1841 352 1902 Quo
359 1843 478 1908 exemplo
488 1841 611 1892 ctaudtur
620 1855 671 1891 tres
681 1844 777 1891 litteras
784 1838 884 1902 adiecit.
891 1857 945 1904 quae
954 1839 1023 1896 usui,

109 1914 271 1977 imperitante
289 1930 339 1968 eo.
362 1926 420 1980 post
439 1916 606 1976 oblitterato,
627 1914 804 1982 adspiciuntur
821 1915 899 1962 etism
914 1929 984 1963 nuuc
997 1912 1025 1961 itt

111 2000 160 2034 ere
171 1987 328 2050 publicandis
341 1987 479 2052 plebiscitis
490 2023 498 2047 ,
509 2004 554 2053 per
566 1986 621 2038 fora
632 2006 662 2038 so
672 1990 766 2054 templa
775 1988 835 2036 lixo.

144 2058 207 2108 XV.
226 2058 322 2109 listulit
337 2060 428 2110 deinde
439 2061 473 2111 sd
486 2074 603 2112 senatum
614 2099 620 2119 .
640 2078 714 2129 super
724 2061 834 2126 collegio
845 2058 1026 2124 haruspicum.

107 2148 125 2183 o
135 2148 168 2181 ue
179 2133 347 2182 vetustissimo
356 2135 434 2183 ltaliae
444 2135 584 2201 disciplina
593 2151 639 2201 per
647 2134 768 2186 desidiam
778 2134 949 2186 exolesceret:
961 2130 1025 2197 steph

107 2205 223 2267 adversis
232 2208 379 2271 reipublice
389 2211 551 2277 temporibus
564 2211 659 2259 accitos
671 2246 678 2264 ,
690 2226 798 2274 quorum
807 2210 908 2259 monitu
916 2205 1028 2256 redinte·

110 2292 196 2346 grates
208 2282 363 2332 cerimonias
376 2319 383 2341 ,
397 2294 424 2333 et
438 2286 464 2333 iu
473 2296 605 2351 posterum
617 2284 712 2335 rectiiss
723 2283 838 2336 babitus:
852 2283 1026 2351 primoresque

109 2356 217 2406 Etruria>
232 2368 340 2421 sponte
361 2370 406 2406 aut
425 2358 531 2408 Petrum
548 2361 722 2411 Romanorum
746 2360 871 2425 impulsu,
892 2355 1026 2406 retinuisse

109 2427 255 2485 scientiam,
274 2443 301 2479 et
316 2434 341 2479 iu
360 2430 469 2481 familiss
486 2433 661 2500 propagine:
679 2433 829 2498 quodnunc
841 2429 943 2495 segnius
956 2428 1027 2481 teri.

110 2504 244 2571 publiod
222 2520 291 2554 erres
301 2506 383 2554 bouso
392 2517 459 2555 artes
468 2506 601 2567 socordis,
611 2521 637 2556 et
648 2510 707 2572 quis
716 2517 825 2556 externae
834 2503 1027 2568 superstitiones

110 2578 265 2626 valescunt:
282 2589 308 2627 et
329 2579 385 2629 laeta
403 2580 528 2644 quidem
522 2599 548 2630 ιιι
563 2586 672 2644 presens
690 2581 795 2644 otonis,
814 2576 859 2626 sed
875 2571 1027 2636 benignitati

118 2650 197 2698 deum
216 2652 323 2715 grstistu
339 2654 514 2720 reserandam,
530 2673 564 2705 ne
580 2656 646 2702 ritus
662 2668 813 2709 sacrorum,
829 2654 895 2699 inter
911 2648 1027 2710 ambigua

117 2723 197 2771 culti
210 2739 254 2787 per
266 2741 384 2793 prospers
395 2729 641 2780 oblitterarentur».
658 2726 765 2775 Factum
778 2741 809 2773 ex
819 2740 849 2772 eo
859 2734 1027 2773 senatuscon-

117 2797 233 2857 tultum·
247 2798 384 2852 «viderent
397 2805 530 2870 pontifices
540 2817 595 2873 qua
606 2799 741 2851 retinenda
756 2797 927 2863 firmandaque
935 2797 1028 2845 herus-

115 2870 239 2938 piourun.
335 2878 339 2886 '

143 2942 218 2992 xvt.
236 2944 335 2996 Eodem
351 2965 420 2999 suno
436 2916 624 3003 Cheruscorum
638 2963 699 3014 geos
717 2962 803 3013 regem
819 2944 899 2995 llomi
917 2943 1027 3011 petivit,

114 3016 213 3066 arnissis
225 3033 271 3083 per
280 3021 382 3072 interna
393 3024 459 3073 bello
470 3025 617 3082 nobilibus,
636 3034 663 3072 et
672 3039 725 3072 uno
738 3021 837 3087 reliquo
847 3020 933 3086 stirpis
942 3019 1027 3082 regin,

114 3091 159 3154 qui
175 3091 243 3156 apud
260 3094 353 3145 urbem
370 3096 527 3159 habebatur,
546 3099 650 3148 nomine
667 3096 797 3148 Italicus.
814 3096 951 3145 Paternum
968 3093 1028 3141 lruio

114 3180 194 3231 genus
209 3165 223 3213 e
236 3166 344 3227 Pierio,
361 3169 437 3220 lrstre
450 3172 578 3235 Arminii,
596 3182 677 3221 mater
692 3186 723 3218 ex
740 3171 879 3221 Cotunrero
893 3167 1027 3231 ,principe

114 3238 264 3298 cattorum,
275 3255 356 3293 erst.
350 3260 357 3273 ·
374 3245 428 3310 ipso
438 3245 517 3297 sormi
529 3247 654 3306 decorus
669 3253 696 3292 et
707 3244 783 3293 aruris
794 3244 932 3307 equisque
944 3239 970 3286 in
980 3254 1029 3302 pa-

114 3312 195 3362 trium
196 3325 378 3382 nostrumque
390 3333 502 3381 tuorem.
513 3321 648 3370 exercitus.
660 3316 741 3380 Igitur
751 3317 832 3365 Cesar
840 3324 1028 3374 nuotumpecu·
1045 3348 1055 3361 ,

115 3385 172 3447 nii.
187 3386 282 3441 additis
297 3391 480 3460 stipatoribus,
494 3392 611 3449 hortatu
627 3390 742 3455 umutile
753 3387 830 3439 deone
831 3399 935 3505 ἑιιιέιιο
943 3397 1027 3435 sursus
