2234 3817
123 201 172 272 566
250 200 253 204 “
424 212 468 250 .s.
484 211 579 250 cous.
597 210 717 256 raeiri

94 343 97 344 γ
122 311 268 364 quanquam
278 295 311 345 ad
322 308 411 346 omnes
422 292 581 357 suspiciones
593 290 715 358 pavidus,
728 289 761 339 ‹le
773 287 915 345 innocentii
924 290 983 358 ejus
992 293 1040 345 du-

123 374 218 424 bitavit
228 390 234 422 ι
246 372 306 437 egre
315 384 398 422 tamen
407 367 527 436 cohibiti,
538 370 582 433 qui
590 369 694 417 exitium
702 367 895 417 viri'consularis
902 404 909 428 ,
917 380 945 418 et
953 387 1041 434 quon·

124 444 183 496 dnm
194 446 265 494 ducis
276 447 331 503 sui,
343 444 499 507 flagitabant.
513 444 567 492 Nec
577 457 729 507 quemquam
739 439 842 505 ssepilts,
856 441 934 507 quim
945 444 1041 511 Vergi.

123 524 210 583 nium,
224 522 304 572 omnis
314 521 406 571 seditio
416 520 547 570 infestavit
558 539 564 569 ε
576 519 694 575 monebat
701 518 835 569 admiratio
847 519 1038 588 riri,etla1na;

125 596 169 645 sed
182 596 302 653 oderant,
314 605 343 643 ut
356 593 474 646 fastiditi.

157 669 251 718 LXIX.
270 668 377 717 Postero
394 666 452 725 die,
471 665 606 727 Vitellius,
624 663 725 715 senatuis
741 664 868 731 legatione
882 703 889 724 ,
905 683 983 732 quam
1001 666 1036 716 ibi

124 742 234 808 opperiri
245 741 367 807 jusserat,
378 740 480 797 auditi,
491 750 663 804 transgressus
674 741 701 789 in
713 752 806 803 cestra,
820 741 890 789 ultrd
900 742 1037 811 pietatem
1104 741 1105 792 ἶ

125 816 245 867 militum
254 814 422 864 collaudavit:
432 814 598 863 [sementibus
607 813 722 872 auxiliis,
733 831 748 862 tt
755 824 854 862 tantum
862 814 1039 879 impunitatis,
1104 811 1105 874 ζ

125 899 201 953 etque
217 890 366 954 arrogantia
381 888 527 954 legionariis
542 887 709 935 accessisse».
728 886 853 936 Cohortes
867 888 1041 960 Batavorum,
1104 883 1105 920 ἶ

83 981 95 982 ”
123 978 157 1011 ne
171 963 233 1027 quid
245 961 413 1011 truculentius
425 960 585 1021 'auderents
579 978 605 1008 ιιι
621 959 785 1010 Germaniam
799 961 921 1022 remissae,
935 961 1038 1030 princi·

125 1038 198 1104 pium
215 1038 316 1084 interno
332 1033 408 1102 simul
420 1041 578 1096 externoque
593 1030 663 1080 bello
677 1033 826 1098 parantibus
842 1032 909 1082 fatis.
924 1025 1039 1084 Reddita

125 1110 271 1164 civitatibus
288 1106 420 1172 Gallorum
434 1106 563 1165 ιιιιιίΙιι,Ι
557 1122 795 1171 ιιιὸιιιιιιιιιιιειιιι,
809 1118 834 1155 et
851 1106 935 1176 primi
950 1108 1040 1157 statim

125 1182 171 1232 del
169 1183 284 1241 ectione,
296 1183 361 1234 inter
372 1183 455 1230 inania
463 1181 525 1228 belli
537 1193 692 1247 assumptus.
705 1180 840 1237 Ceterum,
850 1194 880 1232 ut
890 1182 1039 1251 largitioni-

126 1256 175 1306 bus
191 1256 283 1306 allecte
300 1255 352 1320 jam
367 1255 468 1320 imperii
485 1270 545 1320 opes
560 1256 716 1316 sufficereut,
736 1257 887 1322 «amputari
904 1256 1041 1321 legionum

127 1333 331 1395 auxiliorumque
345 1346 464 1396 numeros
471 1346 486 1376 ιι
500 1329 590 1393 jubet,
608 1331 696 1380 vetitis
713 1331 915 1397 supplementis:
930 1340 956 1378 et
970 1345 1039 1395 pro·

124 1406 226 1452 miscuae
240 1407 372 1454 missiones
390 1403 560 1453 offerebantur
572 1421 578 1451 ι
592 1404 722 1454 exitiabile
735 1404 760 1454 id
774 1404 932 1471 reipublice,
945 1403 1038 1468 ingro-

60 1527 67 1531 ,
126 1488 183 1525 turn
193 1479 283 1542 militi,
294 1480 335 1527 eui
347 1477 437 1526 eadem
449 1478 536 1526 munia
546 1477 613 1527 inter
624 1494 732 1544 paucos,
744 1478 909 1544 periculaque
918 1491 948 1525 nc
961 1476 1038 1525 labor

124 1550 237 1600 crebrrds
244 1552 375 1601 redibant
386 1563 411 1600 et
423 1552 559 1601 riresluru
567 1551 810 1617 corrumpebantur
821 1545 908 1600 cdntra
920 1560 1037 1598 veterem

90 1627 96 1686 ]
126 1621 306 1688 disciplinam,
327 1635 353 1672 et
371 1624 486 1672 instituta
502 1622 644 1684 majorum,
664 1621 743 1688 apud
751 1638 815 1687 quos
830 1622 942 1685 virtute,
958 1619 1039 1687 quim

125 1697 250 1761 pecunii,
261 1714 303 1745 res
311 1700 427 1746 Romane
435 1692 525 1741 melitis
536 1692 615 1739 stetit.

160 1768 242 1820 LXX.
260 1770 323 1820 lude
340 1769 458 1820 Vitellius
474 1766 626 1814 Cremonam
644 1765 730 1823 flexit,
751 1774 777 1812 et
794 1776 908 1830 spectato
925 1780 1042 1816 munere

129 1843 246 1908 Caecina,
271 1848 386 1896 insistere
403 1841 612 1893 Bedriacensibus
628 1839 740 1905 campis,
757 1840 786 1889 ste
802 1838 907 1903 uestigia
925 1839 1044 1888 recentis

131 1932 244 1969 ttctottae
252 1920 360 1968 lustrare
373 1918 468 1973 oculis,
480 1909 634 1983 concupivit.
645 1909 754 1962 Foedum
764 1913 839 1978 atque
851 1922 924 1961 atrox
932 1922 1041 1977 specta

67 2037 69 2042 .
131 1993 237 2042 culum:
249 1994 314 2043 intra
325 1992 546 2058 quadragesimum
554 2005 644 2058 pugne
654 1987 723 2037 diem
732 1987 814 2037 lacere
826 2000 945 2053 corpora,
954 1987 1039 2036 trunci

129 2080 214 2125 artus,
225 2080 313 2135 putres
327 2068 443 2115 tirorum
455 2080 631 2131 equorumque
642 2062 741 2125 forme,
752 2059 843 2112 iniecta
854 2060 916 2111 tabo
927 2057 1038 2126 liumus,

124 2143 242 2207 protritis
260 2140 393 2189 arboribus
409 2154 437 2186 ac
455 2138 583 2203 frugibus,
599 2137 653 2186 dire
666 2137 787 2185 vastitas:
799 2151 847 2185 nec
858 2132 942 2185 minius
957 2133 1040 2188 inbu-

124 2230 201 2264 mana
209 2231 266 2279 pars
275 2214 330 2268 vise,
341 2228 417 2273 quom
431 2213 616 2260 Cremonenses
626 2211 700 2258 latttu
710 2226 825 2282 rosisque
834 2203 1043 2275 constraverapt,

125 2298 259 2336 exstructis
270 2283 406 2340 altaribus,
425 2284 546 2345 caesisque
560 2284 687 2339 victimis,
702 2285 800 2348 regium
812 2284 838 2332 iu
850 2298 966 2333 morem.
981 2300 1037 2350 qne

124 2360 200 2420 laeta
193 2374 219 2403 m
234 2368 355 2419 presens,
368 2371 429 2401 mox
441 2357 580 2419 perniciem
595 2356 656 2419 ipsis
667 2354 760 2404 fecere.
775 2355 890 2405 Aderant
899 2357 996 2408 Valens
1010 2369 1035 2407 et

122 2427 234 2491 cemos,
247 2426 471 2490 monstrabantque
479 2443 569 2491 pugne
580 2428 650 2476 locos
661 2444 668 2476 ι
680 2444 695 2475 ι
704 2428 765 2476 binc
784 2430 896 2493 erupisse
907 2430 1037 2496 legionum

123 2510 230 2568 agmen,
244 2500 304 2550 bruc
314 2502 411 2565 equites
421 2510 541 2547 coortos
557 2497 618 2546 inde
631 2497 797 2556 circumfusas
809 2500 964 2553 auxiliorum
978 2521 1035 2553 ms·

125 2594 174 2627 nus
190 2594 216 2625 ιι.
231 2578 285 2625 lam
303 2574 402 2623 tribuni
420 2570 595 2641 profectique,
614 2588 659 2620 sua
671 2573 796 2638 quisque
794 2571 860 2622 fecte
872 2575 1033 2644 extollentes,

98 2663 100 2667 ⁴
126 2649 205 2710 feisa,
215 2667 292 2707 vera,
305 2659 453 2716 autmapora
462 2662 522 2695 vero
531 2644 680 2695 miscebunt
690 2644 791 2711 Vulgus
801 2648 1035 2713 quoquemtlttum,

129 2724 240 2773 elamore
254 2734 281 2771 et
291 2721 400 2789 gaudio,
414 2719 582 2772 deflecter'e
559 2716 599 2766 uri
607 2717 709 2784 ,spatia
719 2720 889 2769 certaminum
900 2737 1036 2788 recognos-

129 2812 202 2862 cere5
221 2814 337 2863 aggerem
355 2811 500 2857 armorum,
514 2805 597 2854 strues
612 2808 750 2858 corporum
765 2794 871 2858 intueri,
888 2795 984 2843 mirari.
1003 2798 1037 2847 Et

131 2882 203 2919 erant
215 2886 279 2934 quos
291 2870 359 2919 sario
372 2883 535 2924 nostrerum,
547 2866 729 2932 lacrymaeque,
741 2877 768 2915 et
779 2866 948 2936 misericordia
962 2870 1036 2918 subi·

128 2952 185 2992 ret:
200 2954 226 2989 at
241 2959 293 2991 non
306 2944 425 2992 Vitellius
442 2942 511 2991 flexit
523 2942 625 3001 oculos,
639 2957 685 2989 nec
701 2952 739 2991 tot
756 2941 835 2990 millis
848 2939 1035 3005 insepultorum

49 3040 53 3044 ·
129 3014 226 3063 civium
239 3015 387 3078 exhorruit:
400 3018 471 3065 laetus
484 3016 565 3076 ultre,
578 3028 603 3065 et
613 3027 665 3064 tam
676 3016 820 3083 propinque
831 3014 904 3065 sotus
915 3015 1019 3079 ignarus
1025 3056 1035 3081 ,

130 3087 287 3139 iustatrmbat
296 3104 396 3137 sacrum
407 3089 456 3138 diis
466 3089 524 3137 loci.

161 3160 258 3226 Lxrt.
273 3160 340 3210 Exin
349 3163 486 3209 Bononiae
481 3159 585 3209 siFabio
598 3159 706 3212 Valente
720 3160 886 3244 gladiatorum
901 3172 1035 3227 spectacu-

130 3233 185 3281 lum
195 3233 292 3292 editur,
304 3233 411 3283 advecto
420 3251 451 3282 ex
463 3234 525 3282 urbe
536 3234 617 3286 cultu
631 3236 782 3300 Quantoque
791 3234 871 3299 magis
881 3236 1034 3301 propiuspro-

133 3293 193 3360 bet.
211 3305 282 3364 tsntb
298 3307 441 3370 corruptius
458 3307 522 3361 iter,
539 3305 664 3356 immixtis
681 3304 846 3364 histrionibus
858 3319 883 3356 et
896 3308 1036 3373 spadonum

132 3377 262 3458 gregibus,
279 3390 305 3426 et
316 3389 401 3426 cetero
411 3378 560 3426 Neronianae
571 3380 652 3427 aulas
645 3383 766 3447 ingenio:
782 3383 891 3446 namque
912 3393 939 3434 et
950 3382 1035 3433 Nero-

133 3457 193 3494 nem
210 3448 295 3511 ipsum
310 3447 431 3501 Vitellius
447 3449 616 3503 admiratione
628 3453 782 3522 celebrabat,
796 3455 887 3506 sectari
896 3465 1035 3511 canunten
