2234 3817
296 131 535 175 nrsrosranuu
552 137 617 187 sis.
636 139 680 174 rr.
895 128 944 182 431

29 232 108 287 spent
121 224 222 284 caperet
231 216 367 267 Helvidius
377 255 384 280 ‚
395 232 468 283 posse
479 221 556 268 etiam
564 219 712 268 Marcellum
725 222 857 284 prosterni.
870 221 954 287 Igitur

28 294 45 344 la
57 294 139 342 laude
149 293 232 340 Cluvii
241 293 299 341 Ruti
306 308 390 351 orsus,
401 294 444 356 qui
452 293 558 359 perinde
568 293 653 352 dires,
669 305 694 341 et
704 295 847 358 eloquentis
856 298 938 344 clarus
948 336 957 365 ,

32 370 105 419 nulli
122 383 233 432 uuquam
247 366 294 414 sub
305 367 406 414 Nerone
423 368 566 431 periculum
580 367 735 428 lacerasset,
751 369 858 417 crimine
876 370 954 418 simul

20 444 214 514 'exemploque
226 441 332 506 Eprium
354 440 470 505 urgebat,
489 441 634 489 ardentibus
650 455 748 506 patrum
762 443 860 490 animis.
878 441 954 506 Quod

30 520 76 567 ubi
98 516 180 564 sensit
198 512 348 568 Marcellus,
368 512 439 560 velut
458 512 584 561 excedens
599 515 667 562 curia
684 532 690 560 ε
709 516 821 564 «Imus»
831 550 838 574 ,
852 516 934 579 inquit
944 552 952 576 ,

32 590 171 645 «Prisce,
189 587 396 651 et-relinquimus
416 588 462 635 tibi
480 594 595 635 senatum
617 601 707 636 tuum:
723 605 810 653 regna,
831 591 953 654 prasente

35 664 170 712 casare».
183 659 436 722 SequebaturVibius
444 661 560 725 Crispus,
570 663 643 708 ambo
650 661 750 718 infensi,
758 662 829 708 vultu
840 661 953 727 diverso5

36 734 183 784 Marcellus
200 733 342 780 minacibus
365 734 464 790 oculis,
482 734 584 799 Crispus
602 735 734 799 renidens3
752 733 834 782 donec
849 751 955 785 accursu

37 811 187 861 amicorum
200 806 398 859 retraherentur.
420 808 505 867 Quum
518 808 635 873 glisceret
651 821 790 871 certamen,
808 808 866 859 hinc
881 809 958 860 multi

38 884 157 945 bonique
168 918 175 939 ,
192 881 251 927 inde
260 882 333 944 pauci
346 892 371 927 et
381 880 458 927 validi
468 882 639 946 pertinacibus
650 882 716 930 odiis
728 881 859 930 tenderent
870 922 876 942 ‚
891 899 957 933 con-

35 967 158 1020 sumptus
169 969 216 1019 per
226 950 377 1017 discordiam
387 953 450 1002 dies.
555 1014 558 1022 k
659 946 663 953 ¹

58 1026 171 1078 ΚΒΝ(
183 1022 301 1082 Proximo
311 1039 398 1075 senatu
408 1064 413 1085 ,
425 1021 561 1076 inchoante
571 1027 682 1088 Caesare,
698 1046 714 1077 n
723 1027 754 1077 de
765 1028 890 1078 abolendo
904 1027 955 1077 do-

36 1104 93 1153 lore
116 1096 205 1164 itique
215 1136 221 1156 ,
232 1111 257 1147 et
265 1099 380 1164 priorum
388 1111 533 1166 temporum
546 1102 736 1151 necessitatibus
744 1120 757 1149 a
764 1137 772 1162 ‚
783 1104 880 1151 censuit
891 1103 955 1151 Mu-
1021 1130 1023 1149 :
1079 1102 1080 1108 ’

40 1177 132 1224 cianus
144 1172 304 1240 prolixe'pro
319 1172 522 1222 accusatoribus:
536 1174 614 1243 simul
629 1190 685 1234 eos,
704 1177 748 1239 qui
762 1188 884 1241 coeptam,
897 1176 956 1224 dein

39 1251 164 1298 omissam
182 1248 308 1295 actionem
328 1260 489 1314 repeterent,
506 1249 738 1298 monuit'sermone
753 1251 843 1314 molli,
856 1261 882 1297 et
900 1239 958 1296 t'an·

42 1338 125 1387 quam
140 1334 246 1386 rogaret.
265 1322 353 1369 Patres
369 1332 501 1387 coeptatam
521 1323 683 1380 libertatem,
702 1335 836 1388 postquam
856 1322 958 1371 obviarn

41 1399 128 1453 itum,
144 1394 259 1442 omisere.
274 1395 405 1444 Mucianus
417 1430 423 1450 ,
439 1410 470 1442 ne
482 1396 566 1458 sperni
578 1395 678 1442 senariis
691 1395 813 1459 judicium
825 1435 833 1459 ‚
845 1409 869 1444 et
880 1411 960 1442 cunc·

41 1470 77 1519 tis'
92 1468 140 1516 sub
152 1466 253 1515 Nerone
265 1466 381 1515 admissis
393 1467 448 1515 data
462 1466 599 1531 impunitas
611 1466 754 1526 videretur,
767 1469 901 1517 Octavium
911 1469 959 1516 Sa-

18 1602 19 1605 ,
42 1544 153 1607 gittatn,
169 1551 194 1588 et
206 1539 348 1588 Antistium
358 1539 506 1600 Sosianum,
520 1541 638 1588 senatorii
651 1541 756 1599 ordinis,
767 1555 878 1607 egressos
892 1541 960 1590 ersi·

42 1617 127 1673 lium,
141 1616 167 1663 in
181 1613 284 1663 easdem
299 1612 393 1660 insulas
404 1612 510 1685 redegit.
524 1615 645 1662 Octavius
657 1615 773 1663 Pontiam
789 1616 960 1672 Postumiam,

45 1702 135 1757 stupro
153 1688 294 1753 cognitam,
313 1695 339 1733 et
353 1685 453 1750 nuptias
466 1686 522 1733 suas
534 1687 705 1745 abnuentem,
723 1690 850 1759 impotens
868 1689 963 1737 amoris
1034 1704 1036 1709 ’
1079 1713 1081 1718 ’

18 1806 22 1824 ,.
45 1762 228 1813 interfecerat:
247 1758 365 1806 Sosianus
377 1757 503 1822 pravitate
518 1775 617 1806 morum
638 1762 726 1807 multis
736 1763 865 1809 exitiosus.
878 1762 964 1811 Ambo

18 1828 27 1908 i,
44 1838 117 1902 gravi
133 1834 352 1885 senatusconsulto
372 1830 484 1879 damnati
502 1833 630 1894 pulsique,
642 1834 756 1893 quamvis
772 1851 891 1883 concesso
908 1837 964 1883 aliis

45 1911 155 1966 reditu,
167 1909 195 1953 in
207 1906 289 1954 elidem
306 1903 380 1973 poenit
396 1903 488 1952 retenti
506 1914 574 1949 suut.
585 1902 644 1950 vNec
663 1903 720 1951 ideo
735 1906 812 1975 lenita
830 1925 888 1977 erga
905 1910 965 1957 Mu-

46 1990 156 2037 cianum
172 1983 271 2034 invidia.
289 1987 390 2050 Quippe
408 1983 527 2031 Sosianus
542 1998 570 2029 ac
586 1982 680 2045 Sagitta
698 1983 775 2040 viles,
794 1984 871 2032 etiam
888 1989 907 2034 si
920 2002 965 2035 re·

47 2070 233 2110 verterentur:
254 2070 426 2107 accusatorum
442 2055 558 2121 ingenia,
580 2066 606 2103 et
626 2072 701 2125 opes,
720 2069 746 2106 et
764 2058 874 2110 exercita
894 2061 978 2108 malis

47 2134 148 2183 artibus
164 2133 275 2199 potentia
288 2133 451 2181 timebantur.
898 2130 902 2144 '

81 2206 171 2256 XLV.
187 2206 369 2257 Reconciliavit
382 2204 508 2270 paulisper
521 2201 604 2251 studia
615 2210 717 2268 patrum
729 2201 815 2257 habita
830 2203 857 2252 in
877 2216 965 2255 senatu

48 2278 182 2344 segnitie,
192 2274 329 2332 secundum
341 2290 451 2326 veterem
460 2294 569 2328 morem.
579 2276 689 2324 Manlius
699 2277 842 2339 Patruitus,
856 2291 968 2342 senator,

51 2372 67 2403 u
79 2351 210 2418 pulsatum
226 2368 251 2401 se
268 2353 294 2399 in
306 2351 405 2419 colonial
421 2351 548 2411 Seniensi,
563 2362 630 2400 coetu
643 2351 830 2416 multitudinis,
854 2365 880 2402 et
897 2353 966 2414 jussu

48 2425 248 2490 magistratuum
260 2440 290 2484 a,
302 2427 451 2488 querebatur
464 2444 469 2474 ι
495 2443 565 2475 onec
579 2427 655 2473 finem
673 2424 769 2488 iuiuriae
789 2424 830 2474 hic
848 2424 965 2480 stetisse:

46 2500 185 2568 planetum
195 2535 201 2556 ,
213 2509 239 2545 et
258 2498 383 2557 lamenta,
399 2511 426 2546 et
444 2516 620 2564 supremorum
633 2499 767 2563 imaginem
783 2501 899 2565 praesenti
916 2498 966 2546 sibi

47 2569 227 2631 circumdata,
239 2585 297 2619 cum
317 2572 477 2619 contumeliis
497 2582 522 2619 et
538 2573 656 2636 probris,
674 2589 728 2634 qua
740 2573 766 2618 io
778 2583 890 2618 senatum
904 2573 965 2621 uni·
1018 2632 1023 2641 .

48 2660 159 2695 versum
171 2642 310 2704 iacerentur
321 2660 345 2691 n.
359 2642 463 2703 Vocati,
476 2643 703 2706 quiarguebautur.
717 2643 748 2688 Et
760 2642 860 2704 cogniti
873 2643 964 2702 cause,

47 2723 77 2771 in
98 2720 232 2769 convictos
252 2720 415 2770 vindicatum.
437 2716 610 2781 Additamque
631 2718 894 2780 senatusconsultum,
911 2736 964 2783 quo

48 2795 216 2851 Seniensium
230 2796 316 2860 plebes
325 2793 453 2842 modestia
464 2791 650 2851 admoneretur.
666 2788 759 2838 Iisdem
777 2789 866 2838 diebus
876 2790 963 2840 Auto-

46 2871 109 2918 nius
120 2869 235 2915 Flamma
247 2868 430 2932 Cyrenensibus
440 2866 589 2923 damnatur,
599 2863 654 2929 lege
664 2861 876 2926 repetundarum,
886 2873 911 2908 et
922 2878 965 2910 ex·

48 2943 110 2991 silio
123 2942 158 2989 ob
173 2942 301 2988 saevitiam.
352 2934 358 2939 ⁷
405 2994 409 3001 ¹
943 2932 947 2937 ’

79 3015 184 3065 XLVI.
201 3016 336 3077 Interque
347 3010 566 3064 militarisseditio
579 3008 658 3076 prope
673 3008 774 3056 exarsit.
788 3007 968 3060 Pretoriauam

48 3090 178 3138 militiam
196 3088 346 3151 repetebant
359 3087 373 3135 t
384 3086 490 3137 Vitellio
502 3083 617 3143 dimissi,
632 3098 678 3147 pro
689 3079 846 3147 Vespasiano
858 3097 968 3147 congre-

44 3165 100 3228 gati
112 3182 119 3211 :
137 3174 165 3210 et
177 3161 256 3208 lectus
268 3163 293 3209 in
305 3160 421 3209 eamdem
434 3176 504 3224 spem
515 3157 529 3205 ὲ
540 3158 682 3221 legionibus
698 3155 771 3202 miles
785 3155 908 3219 promissa
920 3155 969 3203 sti-

45 3236 147 3304 pendia
163 3235 300 3299 flagitabat.
317 3236 354 3283 Ne
373 3232 503 3283 Vitelliani
517 3230 633 3293 quidem,
648 3230 702 3275 sine
721 3226 800 3276 multi
815 3226 897 3286 cade,
909 3228 970 3291 pelli

47 3318 187 3375 poterant.
198 3305 330 3370 Ingressus
346 3317 427 3354 eastra
443 3304 589 3365 Mucianus,
603 3301 653 3365 quo
667 3301 760 3348 rectius
774 3297 900 3365 ‘stipendia
915 3303 968 3348 sin·

45 3385 176 3461 pilorum
191 3392 334 3449 spectaret,
345 3382 397 3434 suis
411 3393 470 3428 cum
485 3377 626 3443 insignibus
639 3376 764 3443 armisque
775 3376 883 3428 victores
894 3386 972 3423 cons-
