2234 3817
431 44 433 50 ’
469 54 650 98 anaroonr.
962 49 1010 100 301

105 144 179 194 ribus
196 139 403 206 impellerentur,
416 156 444 187 ac
459 140 521 204 saepe
536 142 591 205 vagi
603 158 705 201 currns,
720 145 896 195 exterriri‘rinq
905 145 1012 195 recturi.

109 219 158 267 bus
173 219 229 278 equi
260 227 287 263 ot
299 230 424 278 quemque
440 214 549 262 formido
564 217 670 274 tulerat,
684 229 854 281 transversos,
866 231 909 267 aut
923 219 1013 268 obvios

106 290 279 340 incursabant.

140 365 165 412 X
170 361 287 428 txt'tt„
295 363 326 410 Et
339 362 453 410 Britanni
462 365 521 440 ,qui
532 364 616 412 adbuc
626 381 714 430 pogna
725 377 838 431 expertes
850 383 947 415 summa
957 366 1014 414 col-

104 436 170 485 lium
182 436 327 504 insederant
335 472 340 486 .
348 447 375 482 et
386 438 536 500 paucitatem
548 451 693 486 nostrorum
703 441 774 487 vacui
785 442 952 505 spernebant,
965 440 1013 488 tle·-

105 509 176 575 gredi
195 508 317 578 paulatim
328 545 334 563 ,
346 510 522 572 euir‘cumire'
531 524 599 576 terga
610 514 765 561 vincentium
778 503 919 578 coeperant:
934 516 959 562 ui
972 509 1017 561 iel-¹

97 585 192 647 ,ipsum
206 581 299 631 'veritus
311 582 441 645 Agricola,
451 597 559 647 quatuor
569 586 682 648 equitum
692 586 756 642 alas,
768 584 800 633 ad
810 587 892 635 subita
902 587 963 635 belli
971 602 1013 633 re·

104 667 207 714 tentas,
228 653 390 702 venientibus
409 656 585 719 opposuisset,
603 657 748 721 quantisque
768 657 1015 707 ferociirs'aocnrre-

107 740 178 784 rant,
196 727 266 776 tanto
277 726 358 774 soritis
369 727 454 790 pulsos
465 730 489 774 in
502 726 586 792 lugam
598 728 744 793 disjecisset.
756 729 793 778 lta
806 729 940 779 consilium
954 732 1011 780 Bri-

108 807 242 849 tanoornm
254 803 279 848 in
289 801 357 864 ipsos
364 813 480 848 sertum:
490 805 682 865 transvectaeque
693 815 815 868 pracepto
827 803 899 852 ducis
907 804 921 851 ir
930 804 1012 853 fronte

108 877 277 939 pugnantium
288 874 332 920 alae
344 888 457 922 arersam
470 874 580 922 bostium
594 875 675 924 aciem
684 877 806 925 invasere.
816 878 882 925 Tum
892 876 952 924 verb
966 893 1014 942 pa-

107 948 220 996 tentibus
230 948 293 996 locis
303 945 395 1011 grande
407 960 433 995 et
443 960 514 996 atrox
525 950 696 1012 spectaculum
708 967 713 979 ·
725 952 807 1013 sequi,
818 952 960 1008 vulnerare,
970 965 1014 996 ca-

107 1036 166 1085 pere
177 1057 184 1074 ,
198 1033 273 1084 atque
286 1022 389 1070 eosdem
398 1060 406 1088 ,
414 1021 506 1070 oblatis
513 1013 583 1079 aliis,
598 1022 733 1070 trucidare.
742 1024 796 1071 Jarn
806 1022 915 1074 bostium
923 1057 931 1080 ,
939 1033 1016 1087 prout

108 1096 202 1157 cuique
220 1094 348 1158 ingenium
369 1105 436 1148 erat,
460 1105 565 1142 catervae
588 1108 742 1143 armatorum
765 1094 925 1160 paucioribus
946 1106 1016 1158 terga

59 1211 60 1216 ,
107 1177 240 1231 praestare,
256 1167 359 1230 quidam
373 1167 482 1218 inermes
493 1167 562 1215 ultro
577 1185 662 1229 ruere,
673 1185 703 1216 ao
715 1184 741 1217 se
752 1168 828 1216 morti
840 1163 939 1215 offerre.
951 1166 1015 1214 Par·-

109 1240 158 1287 sim
169 1256 253 1299 arma,
268 1251 294 1287 et
304 1256 424 1304 corpora,
435 1239 462 1288 el
475 1240 552 1287 laceri
561 1252 646 1301 artus,
658 1249 685 1291 et
696 1252 797 1288 cruenta
808 1239 916 1288 burnus:
930 1249 955 1286 et
966 1237 1015 1285 ali-

108 1311 1016 1379 qutandoetiamvictisiravirtusque:postquamsilvisappropinquirunt,

109 1386 224 1446 collecti,
234 1388 329 1448 primos
340 1388 500 1451 sequentium
511 1388 624 1435 incautos
635 1400 660 1435 et
671 1389 784 1435 locorum
796 1387 895 1449 ignaros
905 1387 1014 1433 circum-

110 1460 254 1507 veniebant.
266 1460 341 1520 Quot
351 1463 378 1507 ni
388 1461 503 1523 frequens
513 1460 606 1523 ubique
614 1459 746 1524 Agricola,
756 1459 848 1509 validas
856 1471 882 1507 et
887 1457 1015 1523 expeditas

79 1585 80 1588 Ἴ
110 1532 241 1589 cobortes,
253 1531 377 1597 indaginis
389 1533 481 1592 modo,
491 1545 517 1581 et
528 1533 611 1580 sicubi
621 1534 727 1581 arctiora
738 1540 822 1587 erant,
835 1546 933 1598 partem
942 1531 1015 1596 equi-

110 1617 165 1656 tum
176 1642 183 1668 ,
192 1605 300 1655 dimissis
310 1607 397 1670 equis,
407 1607 481 1655 simul
491 1608 599 1654 rariores
611 1603 685 1654 silva's
696 1608 807 1670 equitem
815 1607 952 1671 persultare
961 1604 1014 1667 jus·

108 1681 194 1736 sisset,
209 1692 340 1744 acceptum
355 1680 457 1743 aliqudd
470 1682 560 1738 uolnus
571 1697 617 1746 per
628 1681 731 1727 nimiam
745 1680 862 1728 fiduciam
875 1679 949 1727 soret.
961 1679 1014 1726 Ce-

103 1752 194 1806 ,terirrn
205 1753 250 1814 ubi
258 1755 413 1817 compositos
423 1754 502 1802 firmis
511 1754 643 1802 ordinibus
654 1755 724 1818 sequi
734 1770 820 1803 rursus
830 1751 911 1801 videre
920 1789 926 1808 ‚
936 1754 961 1799 in
971 1749 1013 1799 lu·

109 1842 167 1890 garn
180 1829 245 1874 rersi
255 1862 262 1883 ,
274 1843 325 1875 non
333 1828 479 1895 ¹agminibus
489 1837 519 1873 ut
529 1824 612 1891 peiles,
620 1843 667 1872 nec
674 1827 739 1873 alius
747 1827 825 1874 alium
834 1836 1011 1889 respectantes,

110 1902 178 1958 rari,
189 1912 215 1947 et
226 1900 355 1947 vitabundi
364 1901 484 1957 invicem,
495 1900 631 1962 longinqua
642 1908 716 1961 atque
728 1900 783 1946 avia
793 1898 899 1962 petiere:
908 1899 1011 1947 finisse·

45 1979 48 1986 '
111 1975 206 2039 quendi
218 1992 270 2028 non
282 1988 307 2024 et
317 1978 417 2024 satietas
428 1976 492 2023 fnit:
505 1990 565 2021 cesa
581 1973 691 2022 bostium
700 1973 732 2020 ad
744 1972 830 2020 decom
844 1974 920 2021 millia
934 1990 1012 2022 :nor-

108 2061 209 2099 trorum
220 2051 324 2098 trecenti
335 2048 497 2113 quadraginta
505 2045 633 2110 cecidere,
644 2048 669 2094 in
679 2046 735 2109 qula
746 2045 825 2094 Aulus
834 2045 934 2094 Atticus
945 2062 1009 2109 prae·
1046 2041 1050 2046 ’

106 2122 324 2182 fectuscobortis‚
341 2123 444 2183 juvenili
460 2121 549 2170 ardore
562 2132 589 2169 et
600 2119 692 2168 t'e‘rocial
704 2111 761 2182 eqni
774 2119 888 2167 hostibus
897 2120 990 2168 illatus.

139 2195 290 2248 XXXVlIl.
305 2198 337 2244 Et
349 2211 401 2244 nox
415 2195 517 2258 quidem
528 2193 620 2258 gaudio
635 2191 765 2257 praedaque
783 2193 837 2239 lata
855 2191 1007 2240 victoribus:
1041 2233 1044 2236 .

105 2272 221 2321 Britanni
232 2272 361 2335 palantes,
374 2270 504 2331 mixtoque
515 2269 628 2318 virorum
641 2268 824 2329 mulierumque
833 2266 943 2330 ploratu,
954 2277 1008 2313 tra-

107 2347 168 2396 bere
182 2346 346 2403 vulneratos,
358 2359 446 2391 vocare
463 2345 588 2407 integrat,
600 2333 715 2394 deserere
726 2341 815 2389 domos
825 2375 833 2396 ‚
843 2356 872 2388 ac
884 2356 930 2405 per
944 2341 1007 2387 iram

106 2419 175 2469 uteo
186 2417 320 2467 incendere
333 2442 338 2466 :
354 2417 446 2479 eligere
458 2416 580 2481 latebras,
598 2427 623 2464 et
638 2418 724 2462 statim
736 2414 891 2476 relinquere:
903 2414 1007 2460 miscere

106 2496 217 2545 invicem
227 2493 332 2540 consilia
341 2492 424 2554 aliqua
436 2490 634 2554 ,dein-separare
642 2508 647 2538 z
656 2483 788 2552 aliqriando
796 2487 875 2550 frangi
888 2486 1007 2550 adspectu

106 2568 244 2632 pignorum
259 2582 375 2622 suorum,
386 2566 475 2628 saepius
487 2565 624 2611 concitari:
640 2565 747 2626 satisque
763 2560 893 2609 constabat
909 2560 1008 2605 saevisse

108 2640 233 2703 quosdam
248 2641 274 2685 in
287 2637 404 2702 conjuges
418 2654 448 2685 ac
460 2639 565 2691 liberos,
583 2648 702 2697 tanquam
715 2636 903 2682 misererentur.
915 2632 1009 2677 Proxi-

108 2710 232 2762 musdies
239 2709 329 2758 faciem
341 2712 448 2759 victorie
459 2708 535 2757 latiirs
545 2709 657 2774 aperuitr
667 2719 764 2754 vastum
772 2705 862 2768 ubique
869 2704 1007 2760 silentium,

109 2784 200 2836 seoreti
208 2785 423 2840 colles,sumantia
431 2784 519 2849 procul
531 2772 691 2840 tecta,nemo
699 2773 1006 2845 exploratoribusobvins:

108 2861 200 2924 quibus
211 2862 238 2908 in
245 2876 348 2908 ornnem
358 2870 457 2926 partem
470 2858 580 2906 dimissis
590 2893 596 2912 ,
608 2855 650 2904 ubi
660 2856 753 2901 incer-tu
763 2852 824 2916 luga
835 2852 951 2914 vestigia,
961 2868 1011 2900 ne-

106 2947 156 2997 quo
167 2951 272 2997 usquam
284 2934 432 2998 conglobari
442 2933 527 2980 bostes
536 2942 711 2997 compertum,
726 2938 751 2974 et
763 2925 851 2975 exactis
863 2925 912 2988 jam
926 2937 1010 2973 :estate
1028 2949 1042 2976 a

107 3010 190 3071 spargi
200 3007 297 3057 bellurn
308 3008 443 3070 nequibam
461 3008 486 3054 in
497 3007 560 3053 fines
570 3006 736 3052 Hor-satorum
750 3001 887 3048 exercitum
898 2999 1010 3052 deducit.

35 3121 36 3128 ,
105 3081 148 3128 lbi
159 3082 268 3145 acceptis
278 3079 409 3128 obsidibus
419 3115 426 3135 ,
436 3077 553 3143 praefecto
567 3069 653 3124 classis
665 3073 825 3126 circumvehi
833 3071 1012 3122 Britanniam

110 3158 244 3221 pracepit:
258 3156 321 3208 data
331 3153 402 3202 adid
417 3156 483 3201 vires
494 3188 500 3207 ,
512 3162 538 3199 et
552 3162 711 3217 praecesserat
722 3160 818 3204 terror:
832 3148 885 3209 ipse
899 3145 1011 3208 peditem

106 3241 184 3293 atque
193 3232 289 3295 equites
295 3233 364 3278 lento
375 3229 475 3282 itinere,
486 3244 536 3290 quo
546 3228 670 3274 novarum
679 3225 790 3283 gerstiunr
798 3215 933 3282 animiipsd
941 3232 1011 3265 tran-

106 3303 172 3356 utus
185 3304 258 3357 morl
269 3311 438 3369 terrerentur,
454 3301 481 3351 in
496 3299 610 3366 bibernis
623 3297 727 3368 locarit3
738 3294 771 3346 [lt
787 3293 864 3344 simul
877 3290 1011 3340 cl'asaisse-
1059 3358 1063 3366 Ι
