2234 3817
383 144 561 186 arranrora
579 148 641 185 nra.
664 149 715 187 xv.
953 132 1003 190 25!

90 302 237 360 militibus,
246 302 315 349 servi
324 301 457 366 libertique
466 303 580 367 obligant
588 301 699 360 brachia,
707 316 829 369 premunt
838 309 985 371 sangninem
996 342 1005 367 ,

95 374 223 422 incertum
232 390 264 421 an
275 372 367 441 ignaras
377 392 383 421 :
394 391 467 435 nam,
479 386 508 423 nt
516 387 555 424 est
563 375 653 440 vulgus
663 374 694 423 ad
704 374 827 423 deteriora
838 390 1002 442 promptum,

95 463 149 496 non
162 446 280 510 deluere,
293 446 338 510 qui
351 447 498 508 crederent,
515 446 618 497 odonec
630 449 815 514 implacabilem
827 450 955 498 Neronem
966 449 1003 498 ti-

95 520 208 577 muerit,
223 519 318 568 samam
335 520 432 568 scente
452 535 510 569 cum
528 521 623 570 marito
637 521 728 570 mortis
742 523 880 587 petivisse:
893 522 1003 586 deinde,

95 591 182 641 oblati
194 593 296 642 mitiore
303 607 360 657 spe,
370 592 553 642 blandimentis
568 594 625 648 rita
633 599 764 644 evictum»
773 596 827 644 :cni
836 594 934 644 addidit
942 612 1003 662 pnn-

93 667 149 713 cos‘
161 664 248 729 postea
266 680 362 724 annos,
380 663 502 713 laudabili
522 667 549 713 in
568 666 691 715 maritum
714 665 857 728 memorii,
873 678 899 715 et
915 683 957 716 ore
973 681 1002 714 ac

98 737 222 785 membris
233 739 259 785 in
272 753 331 786 eum
340 738 465 804 pallorem
475 736 634 796 albentibus,
643 749 671 787 ut
679 738 792 787 ostentui
801 749 866 788 esset
875 774 882 795 ,
892 740 1003 789 multum

99 811 183 860 vitalis
193 810 298 877 spiritali
308 824 432 878 egestum.
444 814 537 863 Seneca
548 815 660 869 interim.
678 813 784 863 durante
795 826 877 863 tractu
883 852 892 875 ,
904 827 931 864 et
943 816 1003 863 len-

99 882 208 935 titudine
217 888 322 943 mortis,
333 888 443 958 Statium
454 887 592 947 Annam,
603 887 648 937 din
658 888 705 937 sibi
717 888 831 936 amicitia
841 887 903 947 side,
912 900 937 937 et
948 900 1003 939 arte

98 955 232 1008 medicinae
245 960 396 1025 probatum,
411 974 480 1021 orat,
491 979 506 1012 n
516 965 648 1027 provisum
660 960 759 1027 pridem
771 977 898 1011 venenum
910 980 925 1008 n
936 997 943 1017 ,
953 978 1004 1025 qno

97 1030 211 1080 damnati
217 1033 321 1097 publico
326 1031 520 1094 Atheniensium
526 1034 621 1098 jndicio
628 1035 856 1099 exstinguerentur,
863 1045 1004 1103 promeret:

97 1104 262 1169 adlatumque
276 1105 360 1155 hausit
372 1105 480 1170 l'rustri,
495 1106 600 1171 frigidus
614 1106 663 1171 iam
674 1118 759 1167 artus,
771 1117 798 1156 et
813 1107 882 1155 eluso
897 1123 1004 1174 corpore

97 1179 233 1242 adversum
248 1176 302 1229 vim
314 1182 416 1230 veneni.
432 1181 566 1231 Postrcmd
578 1193 694 1245 stagnum
709 1178 796 1231 calidas
807 1196 875 1245 aque
889 1182 1003 1235 introiit,

97 1270 244 1321 respergens
253 1256 383 1320 proximos
392 1271 534 1312 terror-nm,
545 1253 632 1304 additi
641 1271 715 1314 voce,
725 1253 835 1303 «Libare
842 1271 868 1302 so
876 1255 1003 1320 liquorem

99 1326 174 1375 illum
184 1328 244 1375 Jorr
257 1341 457 1377 ntueaaronro.
468 1330 534 1380 Exin
546 1329 637 1379 balneo
648 1330 742 1390 illatus,
751 1339 875 1392 etvapore
885 1329 938 1392 ejus
945 1344 1005 1380 exa-

98 1400 220 1460 nimatus,
226 1402 280 1449 sine
287 1403 341 1451 ullo
347 1402 441 1452 funeris
447 1397 697 1453 solemniorematur.
704 1393 870 1451 ltacodicillis
876 1402 1004 1469 prascrip-

99 1487 183 1532 terat,
200 1490 279 1539 quum
294 1475 370 1527 etiam
385 1489 441 1527 tum
458 1476 581 1544 predives
598 1489 626 1525 st
642 1488 799 1542 praepotens,
814 1477 937 1542 supremis
951 1475 1004 1527 suit

102 1548 265 1597 consuleret

129 1622 210 1671 th'.
219 1623 297 1673 Fama
308 1622 370 1681 luit,
379 1622 498 1684 Subrium
508 1623 625 1673 Flavium
635 1639 692 1672 cum
701 1622 890 1672 centurionibus
900 1622 1003 1672 occulto

97 1695 218 1753 consilio,
230 1713 311 1760 neque
325 1707 410 1745 tamen
420 1699 551 1761 ignorante
562 1697 655 1747 Senecl
666 1733 674 1757 ,
688 1694 869 1756 destinavisse,
883 1711 897 1742 o
905 1705 933 1743 ut
944 1705 1003 1761 post

97 1769 210 1817 necisum
225 1768 301 1835 operi
314 1770 415 1819 Pisonis
433 1770 583 1831 Neronem,
608 1772 667 1820 Piso
690 1784 791 1835 qnoque
810 1767 1003 1826 interficeretur,

97 1840 291 1905 tradereturque
305 1843 439 1908 imperium
453 1842 566 1899 Senecae,
577 1843 663 1906 quasi,
679 1841 774 1889 insonti
783 1838 933 1888 claritudine
949 1839 1002 1887 vir·
1017 1833 1021 1842 ⁹

99 1924 198 1975 tutum,
207 1914 239 1964 ad
246 1930 373 1963 summum
383 1914 509 1979 fastigium
518 1913 618 1963 delecto
623 1929 649 1961 n.
656 1911 725 1973 Quin
734 1922 760 1959 et
774 1912 850 1959 rerba
859 1912 939 1961 Flavii
947 1913 1003 1966 tulae

101 1988 244 2052 galrantur:
258 1988 336 2036 «Non
350 1988 445 2036 referre
460 1985 589 2041 dedecori,
608 1984 629 2031 si
644 1981 796 2033 eirlrarosdns
810 1983 1001 2045 demoveretur,

101 2069 128 2107 et
140 2057 264 2121 tragoedus
278 2057 443 2112 succederetu
455 2076 463 2108 ι
478 2058 535 2123 quia
540 2095 550 2120 ,
561 2068 590 2106 ut
598 2056 667 2106 Nero
678 2054 772 2104 cithara
779 2089 786 2114 ,
797 2057 832 2105 ita
838 2054 899 2104 Piso
906 2058 1000 2128 tragico

98 2144 189 2180 ornatu
200 2133 314 2181 canebat.

133 2204 228 2254 LXVI.
242 2205 483 2256 Cetei-immilitaris
491 2221 592 2272 quoque
600 2203 811 2271 conspirationon
821 2201 886 2251 nltrl
895 2201 1000 2266 fefellit,

100 2281 211 2328 accensis
221 2296 320 2343 quoque
331 2279 459 2328 indicibus
471 2280 503 2330 ad
513 2277 675 2346 prodendum
686 2279 792 2327 Feninm
803 2276 912 2338 nutum,
925 2292 1001 2343 quem

99 2351 218 2403 eumdem
228 2355 359 2401 conscium
370 2365 396 2402 et
407 2352 583 2415 inquisitorem
592 2370 644 2402 nou
656 2352 805 2401 tolerabant.
816 2352 883 2416 Ergo
896 2352 1001 2402 instanti

48 2409 58 2428 ⁸
100 2428 288 2492 minitantique,
304 2425 422 2476 renidens
431 2428 559 2491 Scevinus,
571 2427 716 2477 «nerninem
725 2431 768 2478 ait
775 2426 846 2491 plura
854 2424 1000 2490 scirequaim

97 2501 211 2567 ipsnma.
222 2500 485 2565 Hortaturqueultrd,
497 2499 633 2551 «redderet
639 2513 691 2550 tam
697 2500 764 2549 bono
773 2498 880 2564 principi
887 2501 1001 2548 vicemn.

98 2575 157 2624 Non
168 2592 217 2623 roa
227 2573 361 2624 adversum
371 2576 502 2636 ea'Fenio,
515 2591 565 2625 non
577 2576 705 2624 silentium
715 2593 724 2632 ς
738 2571 781 2621 sed
793 2571 869 2618 verba
880 2585 924 2618 sua
934 2587 1000 2635 prn-

97 2649 217 2715 pediens,
229 2659 255 2696 et
266 2654 367 2713 pavoris
377 2653 539 2708 manifestus,
550 2652 705 2715 ceterisque,
720 2658 749 2693 ac
760 2645 867 2693 maxime
881 2645 1002 2694 Cervario

99 2721 212 2771 Proculo
218 2757 227 2780 ,
241 2721 323 2785 equite
334 2758 340 2780 ,
351 2724 385 2772 ad
394 2722 594 2775 convincendum
606 2736 664 2767 eum
677 2718 799 2774 concisis,
809 2715 877 2779 iussu
890 2717 1000 2782 impera-

100 2796 166 2844 toris
174 2830 182 2853 ,
195 2792 311 2844 §.Cassia
326 2798 425 2858 milite,
439 2799 483 2863 qni
495 2797 528 2845 ob
544 2796 642 2859 insigne
655 2790 767 2857 corporis
781 2791 858 2839 robur
872 2789 1001 2849 adstabat,

99 2868 251 2934 corripitur,
262 2870 428 2937 vinciturque.
842 2928 844 2932 ἢ

130 2940 238 2992 LXVII.
254 2941 318 2993 Mox
334 2944 483 2995 eorumdem
505 2940 600 2990 indicio
617 2936 721 2987 Subrius
740 2933 857 2995 Flavius,
872 2934 1002 3009 tribunus,

97 3015 261 3081 pervertitur,
275 3016 360 3081 primb
377 3013 638 3074 «dissimilitudinem
649 3026 768 3059 morum»
787 3007 822 3056 ad
831 3006 1001 3057 defensionem
1048 3023 1052 3030 ‘

98 3086 200 3135 trahent
207 3123 217 3146 ,
228 3106 242 3135 u
251 3095 335 3155 neque
342 3106 369 3138 se
379 3101 504 3148 armatum
509 3126 519 3150 ,
527 3104 588 3136 cnm.
593 3084 733 3134 inermibus
744 3094 769 3132 et
778 3080 924 3131 effeminatis
931 3118 938 3146 ,
945 3094 1003 3130 tan-

97 3170 154 3208 tum
168 3159 265 3210 laciniis
276 3166 505 3214 consociaturum»
520 3180 527 3210 r
542 3160 620 3221 dein,
630 3169 763 3226 postquam
775 3156 925 3219 urgebatur,
940 3171 1003 3203 con·

96 3230 214 3285 stationis
229 3236 336 3299 gloriam
356 3237 503 3303 amplexus,
515 3238 731 3298 interrogaturque
751 3228 765 3277 l
779 3229 892 3286 Nerone,
912 3228 1003 3291 quibua

96 3306 180 3355 causis
190 3304 224 3354 ad
233 3307 392 3360 oblivionem
400 3310 546 3358 armamenti
555 3303 731 3373 processisset:
745 3302 875 3351 «Oderam
891 3310 933 3346 teu
943 3331 950 3359 ,
962 3298 1004 3343 in-

97 3380 170 3445 ⁸luit:
190 3395 263 3434 tneo
273 3386 409 3451 quisquam
421 3383 470 3435 tibi
479 3382 575 3436 fidelior
586 3381 698 3435 inditum
708 3374 772 3450 tati,
783 3374 846 3427 dum
858 3370 935 3452 amari
945 3383 1004 3421 rne-⁴
