2234 3817
344 163 581 207 siracusanum
602 167 661 204 ara
685 144 741 209 rrr.
946 160 995 220 385

72 249 223 314 Antonias,
232 247 322 298 stricto
332 246 412 305 ferro,
428 258 479 301 cut
490 252 528 300 mi
531 249 610 302 litum
621 251 784 305 semanibus
790 288 801 314 ,
810 262 862 315 aur
870 259 929 310 suis
938 279 996 314 mc·

74 330 201 380 siturum
210 322 341 371 obtestans
355 334 400 371 :ut
408 338 534 387 quemque
546 335 651 383 notum,
661 338 687 374 et
698 325 782 391 aliquo
790 328 895 378 militari
905 331 994 388 decore
1016 378 1019 379 γ

71 400 209 466 insignem
222 395 387 462 adspexerat,
397 394 566 445 adferendam
576 415 651 464 opem
660 394 762 448 nomine
770 402 838 451 ciens
849 411 855 450 t
866 420 925 454 ntor
934 424 995 457 con·

72 487 172 522 versus
184 468 314 534 adsigna,
331 478 357 516 et
370 467 495 516 bellorum
507 468 584 529 deos,
596 489 611 521 c
621 470 732 520 hostium
743 472 830 539 potibs
844 479 995 533 exercitibus

73 547 157 597 illurn
170 543 280 592 furorem
291 577 298 599 ,
309 541 379 590 illam
389 540 542 590 discordiam
556 544 686 606 injicerent
699 563 732 603 n,
746 547 849 597 orabat:
865 548 947 601 donec
953 554 994 602 sa-

73 621 188 677 tisceret
196 614 287 665 seditio
297 651 304 672 ,
315 625 342 663 et
353 614 544 679 ,extremojam
552 617 609 675 die,
619 636 663 667 sua
671 620 776 684 quisque
789 622 814 668 in
829 627 994 677 tentoriadi-

73 693 240 745 laberentur.
252 682 386 737 Profectus
396 688 485 738 etdenr
499 697 576 742 nocte
591 692 741 752 Flavianus,
752 694 833 745 obviis
844 696 994 764 Vespasiani

74 767 178 821 litteris
188 764 330 814 discrimini
339 776 471 830 exemptus
480 775 527 816 est.
793 804 796 807 .
858 802 867 825 ,

112 839 165 891 XI.
175 839 302 905 Legiones
310 839 390 890 veluti
398 840 456 888 tabe
465 838 563 890 iniectae
572 840 701 908 Aponium
709 842 884 907 Saturninum,
893 845 995 900 biturici

75 911 210 967 exuritur
219 914 345 978 legatum,
355 911 386 962 ed
397 912 509 963 atrocibs
517 913 711 979 adgrediuntur,
722 915 790 981 qudd
802 935 862 979 non,
873 921 994 987 arpinis,

76 989 173 1040 labore
183 998 211 1036 et
223 986 393 1054 operelerse,
408 989 453 1038 sed
467 990 554 1038 medio
567 990 619 1040 det
631 1004 789 1057 exarserant,
805 995 913 1060 vulgatis
925 999 993 1063 epis-

76 1063 154 1123 tolis,
166 1063 385 1127 quasSsturninus
393 1064 425 1114 ad
431 1064 567 1116 Vitellium
578 1068 706 1132 scripsisse
717 1065 876 1117 credebatur.
888 1071 923 1119 Ut
932 1073 994 1123 olim

78 1138 187 1188 virtutis
202 1137 398 1204 modestiaque,
413 1152 474 1190 tunc
490 1140 652 1208 procacitatis
663 1152 692 1190 et
707 1141 850 1207 petulantie
865 1157 995 1198 certamen

77 1224 139 1264 erat
146 1248 154 1273 ,
168 1229 200 1262 ne
212 1212 296 1263 minus
308 1215 434 1264 violenter
453 1214 604 1281 Aponium,
621 1215 697 1281 quim
708 1217 870 1276 Flavianum,
887 1219 919 1267 ad
929 1240 995 1290 sup-

79 1290 191 1356 plicium
210 1289 383 1356 deposcerent.
402 1285 508 1358 Quippe⁸
520 1295 627 1343 Moesica
643 1294 772 1358 legiones,
789 1294 926 1356 «adjutum
939 1297 954 1346 ai
967 1313 994 1349 se

83 1365 290 1414 Pannonicorum
302 1364 445 1414 ultionenm
454 1402 461 1423 ,
471 1364 620 1427 relerentes,
632 1380 657 1417 et
667 1367 819 1426 Pannonici,
831 1369 901 1418 velut
910 1371 996 1421 absol·

84 1448 208 1487 verentur
215 1436 323 1487 aliorum
333 1438 466 1498 seditione,
477 1441 566 1490 iterare
575 1443 686 1508 culpam,
696 1442 850 1507 gaudebant.
858 1441 888 1492 ln
897 1445 995 1506 hortos,

81 1514 116 1562 in
127 1512 216 1575 quibos
224 1511 404 1562 devertebatur
414 1514 578 1569 Saturninus.
590 1529 699 1582 pergunt
710 1535 716 1565 :
727 1529 836 1566 nectam
847 1518 960 1584 Palmus,
969 1530 1015 1570 et·

82 1585 249 1652 Aponianus,
259 1597 285 1634 et
295 1586 415 1639 Messalla
423 1587 577 1653 (quanquam
588 1590 748 1639 omnimodo
758 1590 816 1657 nisi)
828 1593 941 1658 eripuere
951 1593 997 1641 Sa·

5 1681 6 1709 3
85 1659 231 1720 ruminum,
254 1656 331 1724 quim
353 1660 493 1711 obscuritas
504 1665 680 1720 latebrarum,
702 1665 794 1729 quibus
814 1667 995 1727 occulebatur,

81 1733 228 1785 samarium
241 1733 306 1783 forte
317 1734 613 1787 balnearum—fornacibus
623 1739 725 1788 abditus
736 1758 741 1787 :
752 1755 827 1797 mox,
838 1738 938 1789 omissis
946 1739 997 1788 lic·

5 1832 9 1860 ,v
83 1808 198 1864 toribus,
210 1806 343 1857 Patavium
351 1811 485 1859 concessit.
496 1810 617 1875 Digressu
627 1813 816 1866 consularium,
827 1813 871 1860 uni
880 1812 995 1862 Antonio

4 1905 8 1934 2
82 1881 126 1929 ‘sis
138 1898 166 1929 ao
178 1894 290 1947 potestas
300 1882 327 1931 in
343 1893 483 1945 utrumque
496 1884 636 1930 exercitum
646 1882 709 1943 fuir,
721 1884 868 1934 cedentibus
879 1883 996 1950 collegis,

5 1977 7 2004 ;
87 1965 117 2003 et
125 1956 240 2004 obversis
247 1956 359 2006 militum
369 1952 461 2005 studiIs
472 1972 477 2002 :
489 1972 535 2005 uec
543 1956 647 2004 deerant
657 1958 701 2021 qui
711 1958 793 2005 credet
800 1971 852 2016 ent,
862 1968 997 2012 utramque

88 2027 240 2077 seditionem
250 2029 338 2080 fraude
346 2029 453 2081 Antonii
462 2041 584 2096 coeptam,
595 2042 625 2078 ut
636 2031 704 2078 solus
713 2030 781 2079 bello
792 2031 926 2081 frueretur.
1045 2084 1049 2091 A

120 2103 179 2153 XII.
190 2104 227 2153 Ne
237 2105 262 2153 in
271 2106 372 2155 Vitellii
380 2104 483 2169 quidem
493 2105 615 2172 partibus
626 2106 717 2170 quietae
728 2116 839 2169 urentes,
852 2107 997 2157 exitiosiore

90 2176 226 2237 discordid,
233 2195 284 2227 non
292 2178 479 2245 suspicionibus
488 2180 567 2244 vulgi,
576 2179 620 2228 sed
629 2174 732 2245 perfidis
744 2178 847 2241 ducum,
859 2179 997 2228 turbaban-

88 2251 257 2303 inminutus
267 2254 365 2310 Russus,
373 2255 458 2302 classis
467 2250 774 2319 Ravennatisprulectus,
790 2253 922 2318 ambiguos
931 2253 998 2300 mill·

90 2324 267 2393 trtmanimos,
277 2324 344 2389 qndd
355 2342 443 2390 magna
456 2343 513 2391 pars
524 2327 646 2375 Dalmatae
658 2327 833 2391 Pannoniique
847 2337 918 2374 erant
926 2334 998 2390 ,⁴quae

89 2398 225 2463 provinciae
232 2399 385 2465 Vespasiano
395 2401 556 2463 tenebantur,
565 2401 679 2466 partibus
686 2401 739 2465 ejus
747 2417 892 2466 aggregaret
899 2402 1000 2469 at.pr

85 2471 228 2538 proditioni
242 2473 337 2532 electa,
349 2486 391 2534 ut,
403 2477 492 2524 ceteris
502 2477 618 2541 signaris,
630 2477 680 2524 ¹soli
694 2476 719 2524 in
727 2478 849 2542 principia
859 2477 999 2527 defectores

88 2547 197 2595 coirent.
213 2549 306 2596 Bassus
321 2548 434 2614 pudore,
452 2565 494 2598 seu
515 2560 586 2598 metu
603 2550 718 2614 quisnam
737 2552 818 2599 exitus
835 2550 915 2607 soret,
933 2551 999 2598 iutra

87 2617 194 2666 domum
213 2621 397 2682 opperiebatur.
415 2620 563 2670 Trierarcbi
580 2639 672 2686 magno
686 2623 797 2670 tumultu
814 2622 914 2669 Vitellii
931 2624 997 2670 ima-

90 2693 163 2757 gines
173 2690 311 2751 invadunt,
322 2701 347 2746 et
357 2698 444 2762 paucis
455 2695 810 2753 resistentiumobtruncatis,
822 2705 933 2742 ceterum
942 2695 999 2741 vul.

61 2820 62 2825 ¹
89 2780 153 2830 gua,
171 2778 256 2812 rerum
271 2778 391 2818 noverum
409 2768 512 2826 studio,
530 2768 555 2815 in
569 2766 750 2830 Vespasianum
767 2763 913 2813 inclinabat.
930 2764 998 2812 Tum

87 2851 235 2903 progressus
244 2837 354 2892 Lucilius
366 2855 494 2904 auctorem
505 2857 531 2889 se
539 2838 623 2908 palim
633 2839 727 2905 prebet
737 2856 743 2886 ε
754 2837 997 2907 classIsssornelium

86 2911 196 2962 Fuscum
209 2913 352 2977 prefectum
365 2918 413 2966 sibi
425 2916 553 2976 destinat,
566 2916 609 2979 qui
621 2912 729 2981 propere
740 2911 893 2960 adcucurrit.
907 2912 998 2959 Bassus

88 2984 211 3035 honorati
220 2989 345 3047 ennodii,
354 2988 499 3038 Liburnicis
507 2988 615 3036 naribus
622 2987 744 3035 Hadriam
754 2997 901 3052 pervectus,
911 2982 925 3032 la
935 2999 999 3049 prze-

85 3059 153 3106 Iecto
165 3062 208 3110 alae
219 3063 324 3111 Mennis
338 3064 444 3120 Rufino,
458 3063 603 3126 presidium
614 3060 666 3108 illic
676 3062 800 3125 agitante,
813 3060 934 3108 vincitur.
948 3055 998 3104 Sed

90 3132 201 3179 exsoluta
219 3137 303 3183 statim
322 3136 437 3200 vincula,
455 3137 602 3185 interventu
615 3133 722 3193 Hormi,
739 3135 841 3184 Caesaris
858 3133 963 3183 liberti:
976 3130 998 3178 Is

90 3219 188 3269 quoque
196 3206 261 3254 inter
271 3206 348 3271 duces
358 3207 509 3257 habebatur.

92 3299 98 3309 ·
119 3278 193 3326 XIII.
210 3281 242 3331 dt
257 3282 371 3339 (lecina,
387 3283 529 3332 delectione
540 3282 625 3331 classis
640 3281 758 3348 vulgati,
772 3283 896 3353 primores
907 3284 998 3323 centu·

90 3351 190 3400 ricuum
200 3388 207 3409 ,
218 3365 244 3401 et
253 3371 349 3420 pancos
359 3357 485 3419 militurn,
496 3358 587 3404 ceteris
598 3371 643 3420 per
650 3357 744 3403 militiae
753 3367 857 3403 munera
867 3348 998 3412 dispersis,

92 3438 185 3478 secreta
195 3439 339 3483 castrorum
352 3431 484 3495 affectans,
496 3432 522 3480 in
538 3432 662 3500 principia
678 3441 761 3483 vocat.
774 3429 814 3479 lbi
829 3420 1000 3488 ..vespasiani
