<?xml version="1.0" encoding="UTF-8"?>
<!DOCTYPE html PUBLIC "-//W3C//DTD XHTML 1.0 Transitional//EN"
    "http://www.w3.org/TR/xhtml1/DTD/xhtml1-transitional.dtd">
<html xmlns="http://www.w3.org/1999/xhtml" xml:lang="en" lang="en">
 <head>
  <title>
</title>
<meta http-equiv="Content-Type" content="text/html;charset=utf-8" />
  <meta name='ocr-system' content='tesseract 3.04.00' />
  <meta name='ocr-capabilities' content='ocr_page ocr_carea ocr_par ocr_line ocrx_word'/>
</head>
<body>
  <div class='ocr_page' id='page_1' title='image "./ccorntacitioper01brotgoog_0367.png"; bbox 0 0 2234 3817; ppageno 0'>
   <div class='ocr_carea' id='block_1_1' title="bbox 83 159 997 347">
    <p class='ocr_par' dir='ltr' id='par_1_1' title="bbox 83 159 994 339">
     <span class='ocr_line' id='line_1_1' title="bbox 352 159 994 233; baseline 0.005 -20"><span class='ocrx_word' id='word_1_1' title='bbox 352 159 587 217; x_wconf 76' lang='lat' dir='ltr'>ritsrottttrtittt</span> <span class='ocrx_word' id='word_1_2' title='bbox 610 181 735 220; x_wconf 77' lang='lat' dir='ltr'>uts.11.</span> <span class='ocrx_word' id='word_1_3' title='bbox 776 205 780 212; x_wconf 26' lang='lat' dir='ltr'>r</span> <span class='ocrx_word' id='word_1_4' title='bbox 944 180 994 233; x_wconf 74' lang='lat'>353</span> 
     </span>
     <span class='ocr_line' id='line_1_2' title="bbox 83 225 997 347; baseline 0.007 -32"><span class='ocrx_word' id='word_1_5' title='bbox 83 225 178 326; x_wconf 71' lang='lat' dir='ltr'>tticum</span> <span class='ocrx_word' id='word_1_6' title='bbox 188 227 343 347; x_wconf 77' lang='lat' dir='ltr'>appellavit,</span> <span class='ocrx_word' id='word_1_7' title='bbox 359 260 486 325; x_wconf 77' lang='lat' dir='ltr'>cinxitque</span> <span class='ocrx_word' id='word_1_8' title='bbox 499 261 600 311; x_wconf 88' lang='lat' dir='ltr'>cunctis</span> <span class='ocrx_word' id='word_1_9' title='bbox 614 261 719 320; x_wconf 73' lang='lat' dir='ltr'>fortunae</span> <span class='ocrx_word' id='word_1_10' title='bbox 730 264 896 335; x_wconf 86' lang='lat' dir='ltr'>principalis&#39;</span> <span class='ocrx_word' id='word_1_11' title='bbox 889 273 997 339; x_wconf 77' lang='lat' dir='ltr'>insigni</span> 
     </span>
    </p>
   </div>
   <div class='ocr_carea' id='block_1_2' title="bbox 47 332 995 1066">
    <p class='ocr_par' dir='ltr' id='par_1_2' title="bbox 47 332 995 477">
     <span class='ocr_line' id='line_1_3' title="bbox 83 332 995 401; baseline 0.011 -14"><span class='ocrx_word' id='word_1_12' title='bbox 83 339 147 387; x_wconf 84' lang='lat' dir='ltr'>bus.</span> <span class='ocrx_word' id='word_1_13' title='bbox 153 338 247 386; x_wconf 87' lang='lat' dir='ltr'>nimius</span> <span class='ocrx_word' id='word_1_14' title='bbox 257 332 353 388; x_wconf 89' lang='lat' dir='ltr'>honos</span> <span class='ocrx_word' id='word_1_15' title='bbox 346 345 413 382; x_wconf 90' lang='lat' dir='ltr'>rnter</span> <span class='ocrx_word' id='word_1_16' title='bbox 422 334 532 384; x_wconf 88' lang='lat' dir='ltr'>secunda</span> <span class='ocrx_word' id='word_1_17' title='bbox 540 338 617 388; x_wconf 89' lang='lat' dir='ltr'>rebus</span> <span class='ocrx_word' id='word_1_18' title='bbox 627 338 753 389; x_wconf 78' lang='lat' dir='ltr'>adversis</span> <span class='ocrx_word' id='word_1_19' title='bbox 746 358 772 389; x_wconf 84' lang='lat' dir='ltr'>tn</span> <span class='ocrx_word' id='word_1_20' title='bbox 783 344 903 394; x_wconf 86' lang='lat' dir='ltr'>solatium</span> <span class='ocrx_word' id='word_1_21' title='bbox 910 349 995 401; x_wconf 83' lang='lat' dir='ltr'>cessit.</span> 
     </span>
     <span class='ocr_line' id='line_1_4' title="bbox 47 399 994 477; baseline 0.012 -19"><span class='ocrx_word' id='word_1_22' title='bbox 47 411 51 414; x_wconf 68' lang='grc'>’</span> <span class='ocrx_word' id='word_1_23' title='bbox 115 409 174 460; x_wconf 87' lang='lat' dir='ltr'>LX.</span> <span class='ocrx_word' id='word_1_24' title='bbox 185 410 253 459; x_wconf 90' lang='lat' dir='ltr'>Tum</span> <span class='ocrx_word' id='word_1_25' title='bbox 267 406 394 456; x_wconf 77' lang='lat' dir='ltr'><strong>interfecti</strong></span> <span class='ocrx_word' id='word_1_26' title='bbox 405 408 566 457; x_wconf 80' lang='lat' dir='ltr'><strong>centuriones</strong></span> <span class='ocrx_word' id='word_1_27' title='bbox 575 399 761 477; x_wconf 83' lang='lat' dir='ltr'>promptissimi</span> <span class='ocrx_word' id='word_1_28' title='bbox 771 415 994 472; x_wconf 84' lang='lat' dir='ltr'>Othonianorum:</span> 
     </span>
    </p>

    <p class='ocr_par' dir='ltr' id='par_1_3' title="bbox 75 480 995 1066">
     <span class='ocr_line' id='line_1_5' title="bbox 81 480 995 552; baseline 0.011 -18"><span class='ocrx_word' id='word_1_29' title='bbox 81 482 151 534; x_wconf 74' lang='lat' dir='ltr'>unde</span> <span class='ocrx_word' id='word_1_30' title='bbox 158 483 283 548; x_wconf 73' lang='lat' dir='ltr'>precipua</span> <span class='ocrx_word' id='word_1_31' title='bbox 292 483 318 529; x_wconf 89' lang='lat' dir='ltr'>in</span> <span class='ocrx_word' id='word_1_32' title='bbox 325 480 460 531; x_wconf 84' lang='lat' dir='ltr'>Vitellium</span> <span class='ocrx_word' id='word_1_33' title='bbox 466 482 586 532; x_wconf 83' lang='lat' dir='ltr'>alienatio</span> <span class='ocrx_word' id='word_1_34' title='bbox 596 501 640 550; x_wconf 86' lang='lat' dir='ltr'>per</span> <span class='ocrx_word' id='word_1_35' title='bbox 648 484 763 552; x_wconf 83' lang='lat' dir='ltr'>Illyricos</span> <span class='ocrx_word' id='word_1_36' title='bbox 771 493 905 541; x_wconf 80' lang='lat' dir='ltr'>exercitus.</span> <span class='ocrx_word' id='word_1_37' title='bbox 913 494 995 545; x_wconf 87' lang='lat' dir='ltr'>Simul</span> 
     </span>
     <span class='ocr_line' id='line_1_6' title="bbox 78 556 993 621; baseline 0.013 -14"><span class='ocrx_word' id='word_1_38' title='bbox 78 558 292 621; x_wconf 78' lang='lat' dir='ltr'>ceteraelegiones</span> <span class='ocrx_word' id='word_1_39' title='bbox 301 566 432 613; x_wconf 88' lang='lat' dir='ltr'>contactu,</span> <span class='ocrx_word' id='word_1_40' title='bbox 447 566 473 604; x_wconf 90' lang='lat' dir='ltr'>et</span> <span class='ocrx_word' id='word_1_41' title='bbox 484 556 603 607; x_wconf 79' lang='lat' dir='ltr'>adversus</span> <span class='ocrx_word' id='word_1_42' title='bbox 611 560 776 611; x_wconf 87' lang='lat' dir='ltr'>Germanicos</span> <span class='ocrx_word' id='word_1_43' title='bbox 782 564 878 615; x_wconf 90' lang='lat' dir='ltr'>milites</span> <span class='ocrx_word' id='word_1_44' title='bbox 886 568 993 619; x_wconf 70' lang='lat' dir='ltr'>invidiis</span> 
     </span>
     <span class='ocr_line' id='line_1_7' title="bbox 75 629 995 693; baseline 0.004 -15"><span class='ocrx_word' id='word_1_45' title='bbox 75 632 181 682; x_wconf 81' lang='lat' dir='ltr'>bellurn</span> <span class='ocrx_word' id='word_1_46' title='bbox 194 629 390 678; x_wconf 75' lang='lat' dir='ltr'>meditabantur.</span> <span class='ocrx_word' id='word_1_47' title='bbox 404 629 554 678; x_wconf 78' lang='lat' dir='ltr'>Suetonium</span> <span class='ocrx_word' id='word_1_48' title='bbox 573 632 728 693; x_wconf 86' lang='lat' dir='ltr'>Paullinum,</span> <span class='ocrx_word' id='word_1_49' title='bbox 740 652 770 684; x_wconf 83' lang='lat' dir='ltr'>nc</span> <span class='ocrx_word' id='word_1_50' title='bbox 787 636 914 691; x_wconf 87' lang='lat' dir='ltr'>Licinium</span> <span class='ocrx_word' id='word_1_51' title='bbox 926 640 995 692; x_wconf 81' lang='lat' dir='ltr'>Pro.</span> 
     </span>
     <span class='ocr_line' id='line_1_8' title="bbox 76 670 995 769; baseline 0.012 -14"><span class='ocrx_word' id='word_1_52' title='bbox 76 695 179 763; x_wconf 80' lang='lat' dir='ltr'>bulum,</span> <span class='ocrx_word' id='word_1_53' title='bbox 188 701 336 752; x_wconf 69' lang='lat' dir='ltr'>tristimori</span> <span class='ocrx_word' id='word_1_54' title='bbox 345 703 472 767; x_wconf 82' lang='lat' dir='ltr'>squalidos</span> <span class='ocrx_word' id='word_1_55' title='bbox 483 707 577 752; x_wconf 82' lang='lat' dir='ltr'>tenuit</span> <span class='ocrx_word' id='word_1_56' title='bbox 572 670 770 769; x_wconf 82' lang='lat' dir='ltr'>,donscauditi,</span> <span class='ocrx_word' id='word_1_57' title='bbox 781 714 927 765; x_wconf 85' lang='lat' dir='ltr'>necessariis</span> <span class='ocrx_word' id='word_1_58' title='bbox 936 732 995 765; x_wconf 82' lang='lat' dir='ltr'>mt-</span> 
     </span>
     <span class='ocr_line' id='line_1_9' title="bbox 79 774 992 852; baseline 0.013 -25"><span class='ocrx_word' id='word_1_59' title='bbox 79 780 120 845; x_wconf 82' lang='lat' dir='ltr'>gis</span> <span class='ocrx_word' id='word_1_60' title='bbox 136 777 339 833; x_wconf 71' lang='lat' dir='ltr'>defensionibus,</span> <span class='ocrx_word' id='word_1_61' title='bbox 351 774 434 852; x_wconf 77' lang='lat' dir='ltr'>quim</span> <span class='ocrx_word' id='word_1_62' title='bbox 440 774 568 839; x_wconf 74' lang='lat' dir='ltr'>honestis,</span> <span class='ocrx_word' id='word_1_63' title='bbox 580 791 721 830; x_wconf 86' lang='lat' dir='ltr'>uterentur</span> <span class='ocrx_word' id='word_1_64' title='bbox 735 781 909 835; x_wconf 72' lang='lat' dir='ltr'>Proditionem</span> <span class='ocrx_word' id='word_1_65' title='bbox 921 789 992 839; x_wconf 84' lang='lat' dir='ltr'>ultro</span> 
     </span>
     <span class='ocr_line' id='line_1_10' title="bbox 77 841 991 930; baseline 0.011 -27"><span class='ocrx_word' id='word_1_66' title='bbox 77 853 258 919; x_wconf 74' lang='lat' dir='ltr'>imputabant,</span> <span class='ocrx_word' id='word_1_67' title='bbox 271 854 402 917; x_wconf 67' lang='lat' dir='ltr'>amatium</span> <span class='ocrx_word' id='word_1_68' title='bbox 413 841 482 916; x_wconf 83' lang='lat' dir='ltr'>ldngi</span> <span class='ocrx_word' id='word_1_69' title='bbox 492 862 550 900; x_wconf 88' lang='lat' dir='ltr'>ante</span> <span class='ocrx_word' id='word_1_70' title='bbox 563 853 699 917; x_wconf 71' lang='lat' dir='ltr'>praelium</span> <span class='ocrx_word' id='word_1_71' title='bbox 691 856 790 904; x_wconf 83' lang='lat' dir='ltr'>itineris</span> <span class='ocrx_word' id='word_1_72' title='bbox 797 857 991 930; x_wconf 82' lang='lat' dir='ltr'>‚fatigationem</span> 
     </span>
     <span class='ocr_line' id='line_1_11' title="bbox 79 923 991 1001; baseline 0.008 -26"><span class='ocrx_word' id='word_1_73' title='bbox 79 925 298 983; x_wconf 83' lang='lat' dir='ltr'>Othonianorum,</span> <span class='ocrx_word' id='word_1_74' title='bbox 307 926 458 989; x_wconf 81' lang='lat' dir='ltr'>permixtum</span> <span class='ocrx_word' id='word_1_75' title='bbox 468 923 593 972; x_wconf 83' lang='lat' dir='ltr'>vehiculis</span> <span class='ocrx_word' id='word_1_76' title='bbox 600 941 699 990; x_wconf 85' lang='lat' dir='ltr'>agmen,</span> <span class='ocrx_word' id='word_1_77' title='bbox 709 923 865 994; x_wconf 77' lang='lat' dir='ltr'>repletaque</span> <span class='ocrx_word' id='word_1_78' title='bbox 876 932 991 1001; x_wconf 75' lang='lat' dir='ltr'>fortuita,</span> 
     </span>
     <span class='ocr_line' id='line_1_12' title="bbox 78 995 992 1066; baseline 0.011 -19"><span class='ocrx_word' id='word_1_79' title='bbox 78 998 164 1049; x_wconf 83' lang='lat' dir='ltr'>fraudi</span> <span class='ocrx_word' id='word_1_80' title='bbox 174 1014 224 1046; x_wconf 77' lang='lat' dir='ltr'>sue</span> <span class='ocrx_word' id='word_1_81' title='bbox 231 1014 245 1045; x_wconf 87' lang='lat' dir='ltr'>n</span> <span class='ocrx_word' id='word_1_82' title='bbox 255 995 429 1059; x_wconf 85' lang='lat' dir='ltr'>adsignantes:</span> <span class='ocrx_word' id='word_1_83' title='bbox 438 1007 465 1046; x_wconf 92' lang='lat' dir='ltr'>et</span> <span class='ocrx_word' id='word_1_84' title='bbox 472 997 593 1047; x_wconf 82' lang='lat' dir='ltr'>Vitellius</span> <span class='ocrx_word' id='word_1_85' title='bbox 603 998 749 1049; x_wconf 86' lang='lat' dir='ltr'>crediditde</span> <span class='ocrx_word' id='word_1_86' title='bbox 759 1002 872 1066; x_wconf 73' lang='lat' dir='ltr'>perfidii,</span> <span class='ocrx_word' id='word_1_87' title='bbox 881 1019 907 1054; x_wconf 91' lang='lat' dir='ltr'>et</span> <span class='ocrx_word' id='word_1_88' title='bbox 915 1007 992 1061; x_wconf 88' lang='lat' dir='ltr'>tidem</span> 
     </span>
    </p>
   </div>
   <div class='ocr_carea' id='block_1_3' title="bbox 76 1067 1068 1141">
    <p class='ocr_par' dir='ltr' id='par_1_4' title="bbox 76 1067 1068 1141">
     <span class='ocr_line' id='line_1_13' title="bbox 76 1067 1068 1141; baseline 0.01 -19"><span class='ocrx_word' id='word_1_89' title='bbox 76 1073 198 1124; x_wconf 83' lang='lat' dir='ltr'>absolvit.</span> <span class='ocrx_word' id='word_1_90' title='bbox 203 1069 434 1127; x_wconf 84' lang='lat' dir='ltr'>SalviusTitisnus,</span> <span class='ocrx_word' id='word_1_91' title='bbox 445 1068 554 1118; x_wconf 90' lang='lat' dir='ltr'>Othonis</span> <span class='ocrx_word' id='word_1_92' title='bbox 563 1067 651 1133; x_wconf 86' lang='lat' dir='ltr'>frater,</span> <span class='ocrx_word' id='word_1_93' title='bbox 660 1073 759 1123; x_wconf 89' lang='lat' dir='ltr'>nullum</span> <span class='ocrx_word' id='word_1_94' title='bbox 768 1074 904 1140; x_wconf 87' lang='lat' dir='ltr'>discrimen</span> <span class='ocrx_word' id='word_1_95' title='bbox 913 1080 988 1141; x_wconf 85' lang='lat' dir='ltr'>adiit,</span> <span class='ocrx_word' id='word_1_96' title='bbox 1061 1127 1068 1140; x_wconf 50' lang='lat' dir='ltr'><em>s</em></span> 
     </span>
    </p>
   </div>
   <div class='ocr_carea' id='block_1_4' title="bbox 0 1127 1063 3435">
    <p class='ocr_par' dir='ltr' id='par_1_5' title="bbox 76 1127 987 1215">
     <span class='ocr_line' id='line_1_14' title="bbox 76 1127 987 1215; baseline 0.009 -19"><span class='ocrx_word' id='word_1_97' title='bbox 76 1150 172 1215; x_wconf 85' lang='lat' dir='ltr'>pictate</span> <span class='ocrx_word' id='word_1_98' title='bbox 183 1157 211 1193; x_wconf 88' lang='lat' dir='ltr'>et</span> <span class='ocrx_word' id='word_1_99' title='bbox 225 1144 323 1209; x_wconf 83' lang='lat' dir='ltr'>ignavia</span> <span class='ocrx_word' id='word_1_100' title='bbox 339 1156 480 1191; x_wconf 86' lang='lat' dir='ltr'>excusatus</span> <span class='ocrx_word' id='word_1_101' title='bbox 494 1127 581 1193; x_wconf 81' lang='lat' dir='ltr'>Mario</span> <span class='ocrx_word' id='word_1_102' title='bbox 599 1137 673 1194; x_wconf 85' lang='lat' dir='ltr'>Celso</span> <span class='ocrx_word' id='word_1_103' title='bbox 690 1148 836 1198; x_wconf 81' lang='lat' dir='ltr'>consulatus</span> <span class='ocrx_word' id='word_1_104' title='bbox 854 1167 987 1206; x_wconf 85' lang='lat' dir='ltr'>servatur.</span> 
     </span>
    </p>

    <p class='ocr_par' dir='ltr' id='par_1_6' title="bbox 77 1217 988 1358">
     <span class='ocr_line' id='line_1_15' title="bbox 77 1217 988 1309; baseline 0.008 -38"><span class='ocrx_word' id='word_1_105' title='bbox 77 1222 125 1272; x_wconf 78' lang='lat' dir='ltr'>sed</span> <span class='ocrx_word' id='word_1_106' title='bbox 136 1219 263 1270; x_wconf 89' lang='lat' dir='ltr'>creditum</span> <span class='ocrx_word' id='word_1_107' title='bbox 271 1217 350 1277; x_wconf 77' lang='lat' dir='ltr'>lami,</span> <span class='ocrx_word' id='word_1_108' title='bbox 359 1218 536 1309; x_wconf 72' lang='lat' dir='ltr'>obiectumque</span> <span class='ocrx_word' id='word_1_109' title='bbox 547 1235 607 1267; x_wconf 87' lang='lat' dir='ltr'>mox</span> <span class='ocrx_word' id='word_1_110' title='bbox 617 1220 643 1268; x_wconf 91' lang='lat' dir='ltr'>in</span> <span class='ocrx_word' id='word_1_111' title='bbox 654 1233 743 1270; x_wconf 90' lang='lat' dir='ltr'>senatu</span> <span class='ocrx_word' id='word_1_112' title='bbox 753 1223 851 1272; x_wconf 74' lang='lat' dir='ltr'>(lucilio</span> <span class='ocrx_word' id='word_1_113' title='bbox 860 1226 988 1292; x_wconf 84' lang='lat' dir='ltr'>Simplici,</span> 
     </span>
     <span class='ocr_line' id='line_1_16' title="bbox 81 1292 989 1358; baseline 0.008 -14"><span class='ocrx_word' id='word_1_114' title='bbox 81 1312 98 1345; x_wconf 80' lang='lat' dir='ltr'>t&lt;</span> <span class='ocrx_word' id='word_1_115' title='bbox 107 1292 176 1357; x_wconf 88' lang='lat' dir='ltr'>quod</span> <span class='ocrx_word' id='word_1_116' title='bbox 186 1310 246 1342; x_wconf 90' lang='lat' dir='ltr'>eum</span> <span class='ocrx_word' id='word_1_117' title='bbox 259 1292 382 1341; x_wconf 80' lang='lat' dir='ltr'>honorem</span> <span class='ocrx_word' id='word_1_118' title='bbox 392 1292 499 1358; x_wconf 80' lang='lat' dir='ltr'>pecuniai</span> <span class='ocrx_word' id='word_1_119' title='bbox 512 1295 632 1350; x_wconf 86' lang='lat' dir='ltr'>mercari,</span> <span class='ocrx_word' id='word_1_120' title='bbox 646 1311 693 1342; x_wconf 87' lang='lat' dir='ltr'>nec</span> <span class='ocrx_word' id='word_1_121' title='bbox 705 1295 760 1344; x_wconf 90' lang='lat' dir='ltr'>sine</span> <span class='ocrx_word' id='word_1_122' title='bbox 771 1300 849 1346; x_wconf 81' lang='lat' dir='ltr'>exitio</span> <span class='ocrx_word' id='word_1_123' title='bbox 861 1300 929 1348; x_wconf 85' lang='lat' dir='ltr'>Celsi</span> <span class='ocrx_word' id='word_1_124' title='bbox 939 1318 989 1351; x_wconf 89' lang='lat' dir='ltr'>vo</span> 
     </span>
    </p>

    <p class='ocr_par' dir='ltr' id='par_1_7' title="bbox 77 1368 1063 1585">
     <span class='ocr_line' id='line_1_17' title="bbox 77 1368 1063 1441; baseline 0.008 -22"><span class='ocrx_word' id='word_1_125' title='bbox 77 1371 203 1420; x_wconf 83' lang='lat' dir='ltr'>luissetn:</span> <span class='ocrx_word' id='word_1_126' title='bbox 210 1371 303 1418; x_wconf 75' lang='lat' dir='ltr'>restitit</span> <span class='ocrx_word' id='word_1_127' title='bbox 315 1368 450 1427; x_wconf 86' lang='lat' dir='ltr'>Vitellius,</span> <span class='ocrx_word' id='word_1_128' title='bbox 460 1368 579 1434; x_wconf 82' lang='lat' dir='ltr'>deditque</span> <span class='ocrx_word' id='word_1_129' title='bbox 588 1369 674 1434; x_wconf 71' lang='lat' dir='ltr'>posted</span> <span class='ocrx_word' id='word_1_130' title='bbox 688 1372 846 1421; x_wconf 84' lang='lat' dir='ltr'>consulatum</span> <span class='ocrx_word' id='word_1_131' title='bbox 856 1375 987 1441; x_wconf 80' lang='lat' dir='ltr'>Simplici,</span> <span class='ocrx_word' id='word_1_132' title='bbox 1051 1377 1063 1436; x_wconf 59' lang='lat' dir='ltr'>s</span> 
     </span>
     <span class='ocr_line' id='line_1_18' title="bbox 79 1442 986 1517; baseline 0.009 -24.107"><span class='ocrx_word' id='word_1_133' title='bbox 79 1446 212 1495; x_wconf 76' lang='lat' dir='ltr'>innoxium</span> <span class='ocrx_word' id='word_1_134' title='bbox 219 1455 245 1492; x_wconf 89' lang='lat' dir='ltr'>et</span> <span class='ocrx_word' id='word_1_135' title='bbox 251 1445 402 1510; x_wconf 82' lang='lat' dir='ltr'>inemptum</span> <span class='ocrx_word' id='word_1_136' title='bbox 412 1442 565 1492; x_wconf 79' lang='lat' dir='ltr'><strong>Trachalum</strong></span> <span class='ocrx_word' id='word_1_137' title='bbox 576 1443 696 1493; x_wconf 85' lang='lat' dir='ltr'>adversus</span> <span class='ocrx_word' id='word_1_138' title='bbox 702 1449 865 1500; x_wconf 79' lang='lat' dir='ltr'>criminantes</span> <span class='ocrx_word' id='word_1_139' title='bbox 874 1449 986 1517; x_wconf 84' lang='lat' dir='ltr'>Galeris,</span> 
     </span>
     <span class='ocr_line' id='line_1_19' title="bbox 78 1518 446 1585; baseline -0.011 -17"><span class='ocrx_word' id='word_1_140' title='bbox 78 1534 146 1568; x_wconf 84' lang='lat' dir='ltr'>uxor</span> <span class='ocrx_word' id='word_1_141' title='bbox 155 1519 267 1575; x_wconf 82' lang='lat' dir='ltr'>Vitelln</span> <span class='ocrx_word' id='word_1_142' title='bbox 279 1518 401 1585; x_wconf 73' lang='lat' dir='ltr'>protexit.</span> <span class='ocrx_word' id='word_1_143' title='bbox 442 1561 446 1564; x_wconf 71' lang='grc'>,</span> 
     </span>
    </p>

    <p class='ocr_par' dir='ltr' id='par_1_8' title="bbox 0 1590 988 1883">
     <span class='ocr_line' id='line_1_20' title="bbox 108 1590 985 1665; baseline 0.007 -24"><span class='ocrx_word' id='word_1_144' title='bbox 108 1591 178 1641; x_wconf 83' lang='lat' dir='ltr'><strong>LXI.</strong></span> <span class='ocrx_word' id='word_1_145' title='bbox 193 1594 260 1641; x_wconf 83' lang='lat' dir='ltr'>Inter</span> <span class='ocrx_word' id='word_1_146' title='bbox 273 1606 422 1657; x_wconf 88' lang='lat' dir='ltr'>magnorum</span> <span class='ocrx_word' id='word_1_147' title='bbox 436 1591 549 1639; x_wconf 79' lang='lat' dir='ltr'>virorum</span> <span class='ocrx_word' id='word_1_148' title='bbox 560 1590 706 1642; x_wconf 87' lang='lat' dir='ltr'>discrimina</span> <span class='ocrx_word' id='word_1_149' title='bbox 722 1592 883 1660; x_wconf 84' lang='lat' dir='ltr'>(pudendum</span> <span class='ocrx_word' id='word_1_150' title='bbox 900 1595 985 1665; x_wconf 85' lang='lat' dir='ltr'>dictu)</span> 
     </span>
     <span class='ocr_line' id='line_1_21' title="bbox 76 1664 988 1732; baseline 0.002 -16"><span class='ocrx_word' id='word_1_151' title='bbox 76 1664 355 1732; x_wconf 74' lang='lat' dir='ltr'>Mariccnsquidam,</span> <span class='ocrx_word' id='word_1_152' title='bbox 346 1684 360 1713; x_wconf 92' lang='lat' dir='ltr'>e</span> <span class='ocrx_word' id='word_1_153' title='bbox 374 1664 447 1730; x_wconf 86' lang='lat' dir='ltr'>plebe</span> <span class='ocrx_word' id='word_1_154' title='bbox 466 1665 602 1725; x_wconf 89' lang='lat' dir='ltr'>Boiorum,</span> <span class='ocrx_word' id='word_1_155' title='bbox 622 1668 731 1717; x_wconf 82' lang='lat' dir='ltr'>inserere</span> <span class='ocrx_word' id='word_1_156' title='bbox 747 1683 802 1717; x_wconf 87' lang='lat' dir='ltr'>sese</span> <span class='ocrx_word' id='word_1_157' title='bbox 819 1668 939 1732; x_wconf 74' lang='lat' dir='ltr'>fortune,</span> <span class='ocrx_word' id='word_1_158' title='bbox 959 1675 988 1723; x_wconf 83' lang='lat' dir='ltr'>et</span> 
     </span>
     <span class='ocr_line' id='line_1_22' title="bbox 2 1739 987 1807; baseline 0.006 -21"><span class='ocrx_word' id='word_1_159' title='bbox 2 1780 4 1786; x_wconf 80' lang='grc'>,</span> <span class='ocrx_word' id='word_1_160' title='bbox 74 1756 213 1807; x_wconf 85' lang='lat' dir='ltr'>provocare</span> <span class='ocrx_word' id='word_1_161' title='bbox 225 1756 296 1794; x_wconf 85' lang='lat' dir='ltr'>arma</span> <span class='ocrx_word' id='word_1_162' title='bbox 309 1739 434 1797; x_wconf 82' lang='lat' dir='ltr'>Romana</span> <span class='ocrx_word' id='word_1_163' title='bbox 448 1740 609 1788; x_wconf 78' lang='lat' dir='ltr'>simulatione</span> <span class='ocrx_word' id='word_1_164' title='bbox 620 1758 754 1790; x_wconf 78' lang='lat' dir='ltr'>numinum</span> <span class='ocrx_word' id='word_1_165' title='bbox 768 1758 843 1791; x_wconf 85' lang='lat' dir='ltr'>ausus</span> <span class='ocrx_word' id='word_1_166' title='bbox 855 1755 902 1792; x_wconf 87' lang='lat' dir='ltr'>est</span> <span class='ocrx_word' id='word_1_167' title='bbox 915 1743 987 1793; x_wconf 88' lang='lat' dir='ltr'>Iam·</span> 
     </span>
     <span class='ocr_line' id='line_1_23' title="bbox 0 1812 987 1883; baseline 0.002 -16"><span class='ocrx_word' id='word_1_168' title='bbox 0 1860 1 1867; x_wconf 71' lang='grc'>,</span> <span class='ocrx_word' id='word_1_169' title='bbox 48 1854 51 1856; x_wconf 18' lang='grc' dir='ltr'><strong>Α</strong></span> <span class='ocrx_word' id='word_1_170' title='bbox 76 1831 124 1879; x_wconf 83' lang='lat' dir='ltr'>qne</span> <span class='ocrx_word' id='word_1_171' title='bbox 135 1827 264 1864; x_wconf 72' lang='lat' dir='ltr'>«assertor</span> <span class='ocrx_word' id='word_1_172' title='bbox 275 1815 429 1873; x_wconf 84' lang='lat' dir='ltr'>Galliarum,</span> <span class='ocrx_word' id='word_1_173' title='bbox 438 1812 551 1861; x_wconf 71' lang='lat' dir='ltr'>etelsus»</span> <span class='ocrx_word' id='word_1_174' title='bbox 565 1814 668 1877; x_wconf 86' lang='lat' dir='ltr'>(nomen</span> <span class='ocrx_word' id='word_1_175' title='bbox 677 1815 704 1861; x_wconf 87' lang='lat' dir='ltr'>id</span> <span class='ocrx_word' id='word_1_176' title='bbox 713 1815 760 1863; x_wconf 89' lang='lat' dir='ltr'>sibi</span> <span class='ocrx_word' id='word_1_177' title='bbox 769 1815 915 1883; x_wconf 84' lang='lat' dir='ltr'>indiderat),</span> <span class='ocrx_word' id='word_1_178' title='bbox 926 1832 987 1869; x_wconf 91' lang='lat' dir='ltr'>con·</span> 
     </span>
    </p>

    <p class='ocr_par' dir='ltr' id='par_1_9' title="bbox 53 1885 1006 3288">
     <span class='ocr_line' id='line_1_24' title="bbox 74 1885 986 1956; baseline 0.007 -23"><span class='ocrx_word' id='word_1_179' title='bbox 74 1886 198 1936; x_wconf 87' lang='lat' dir='ltr'>citisocto</span> <span class='ocrx_word' id='word_1_180' title='bbox 207 1889 318 1936; x_wconf 89' lang='lat' dir='ltr'>millibus</span> <span class='ocrx_word' id='word_1_181' title='bbox 326 1887 471 1940; x_wconf 88' lang='lat' dir='ltr'>bominum,</span> <span class='ocrx_word' id='word_1_182' title='bbox 482 1886 612 1948; x_wconf 81' lang='lat' dir='ltr'>proximos</span> <span class='ocrx_word' id='word_1_183' title='bbox 622 1885 761 1936; x_wconf 84' lang='lat' dir='ltr'>AEduorum</span> <span class='ocrx_word' id='word_1_184' title='bbox 768 1903 845 1951; x_wconf 86' lang='lat' dir='ltr'>pagos</span> <span class='ocrx_word' id='word_1_185' title='bbox 854 1888 986 1956; x_wconf 82' lang='lat' dir='ltr'>trabebat;</span> 
     </span>
     <span class='ocr_line' id='line_1_25' title="bbox 78 1956 987 2025; baseline 0.01 -19"><span class='ocrx_word' id='word_1_186' title='bbox 78 1975 158 2023; x_wconf 91' lang='lat' dir='ltr'>quum</span> <span class='ocrx_word' id='word_1_187' title='bbox 167 1962 311 2025; x_wconf 78' lang='lat' dir='ltr'>gravissima</span> <span class='ocrx_word' id='word_1_188' title='bbox 324 1962 427 2016; x_wconf 77' lang='lat' dir='ltr'>divitas,</span> <span class='ocrx_word' id='word_1_189' title='bbox 439 1956 536 2006; x_wconf 88' lang='lat' dir='ltr'>electa</span> <span class='ocrx_word' id='word_1_190' title='bbox 530 1969 677 2019; x_wconf 65' lang='lat' dir='ltr'>juventute,</span> <span class='ocrx_word' id='word_1_191' title='bbox 687 1958 815 2021; x_wconf 79' lang='lat' dir='ltr'>adjectisa</span> <span class='ocrx_word' id='word_1_192' title='bbox 827 1962 929 2013; x_wconf 86' lang='lat' dir='ltr'>Vitellio</span> <span class='ocrx_word' id='word_1_193' title='bbox 941 1983 987 2016; x_wconf 92' lang='lat' dir='ltr'>co-</span> 
     </span>
     <span class='ocr_line' id='line_1_26' title="bbox 75 2028 985 2097; baseline 0.004 -17"><span class='ocrx_word' id='word_1_194' title='bbox 75 2030 207 2093; x_wconf 84' lang='lat' dir='ltr'>hortibus,¹</span> <span class='ocrx_word' id='word_1_195' title='bbox 212 2031 343 2082; x_wconf 82' lang='lat' dir='ltr'>fanaticam</span> <span class='ocrx_word' id='word_1_196' title='bbox 351 2029 543 2081; x_wconf 84' lang='lat' dir='ltr'>multitudinem</span> <span class='ocrx_word' id='word_1_197' title='bbox 551 2028 658 2094; x_wconf 80' lang='lat' dir='ltr'>disjecit.</span> <span class='ocrx_word' id='word_1_198' title='bbox 668 2031 794 2095; x_wconf 83' lang='lat' dir='ltr'>Captnsin</span> <span class='ocrx_word' id='word_1_199' title='bbox 803 2048 832 2079; x_wconf 87' lang='lat' dir='ltr'>eo</span> <span class='ocrx_word' id='word_1_200' title='bbox 838 2037 924 2097; x_wconf 77' lang='lat' dir='ltr'>proelio</span> <span class='ocrx_word' id='word_1_201' title='bbox 933 2039 985 2089; x_wconf 86' lang='lat' dir='ltr'>Ma·</span> 
     </span>
     <span class='ocr_line' id='line_1_27' title="bbox 57 2104 984 2172; baseline -0.004 -17"><span class='ocrx_word' id='word_1_202' title='bbox 57 2117 58 2120; x_wconf 78' lang='grc'>’</span> <span class='ocrx_word' id='word_1_203' title='bbox 76 2106 170 2168; x_wconf 78' lang='grc' dir='ltr'>ιίιοιιε,</span> <span class='ocrx_word' id='word_1_204' title='bbox 180 2123 209 2156; x_wconf 89' lang='lat' dir='ltr'>ac</span> <span class='ocrx_word' id='word_1_205' title='bbox 220 2124 280 2156; x_wconf 81' lang='lat' dir='ltr'>mox</span> <span class='ocrx_word' id='word_1_206' title='bbox 291 2108 349 2156; x_wconf 78' lang='lat' dir='ltr'>ieris</span> <span class='ocrx_word' id='word_1_207' title='bbox 362 2106 475 2168; x_wconf 75' lang='lat' dir='ltr'>objectus</span> <span class='ocrx_word' id='word_1_208' title='bbox 483 2105 553 2168; x_wconf 87' lang='lat' dir='ltr'>‚quia</span> <span class='ocrx_word' id='word_1_209' title='bbox 564 2120 614 2151; x_wconf 90' lang='lat' dir='ltr'>non</span> <span class='ocrx_word' id='word_1_210' title='bbox 620 2104 779 2169; x_wconf 77' lang='lat' dir='ltr'>laniabatur,</span> <span class='ocrx_word' id='word_1_211' title='bbox 793 2107 916 2172; x_wconf 82' lang='lat' dir='ltr'>stolidum</span> <span class='ocrx_word' id='word_1_212' title='bbox 923 2111 984 2162; x_wconf 72' lang='lat' dir='ltr'>nul.</span> 
     </span>
     <span class='ocr_line' id='line_1_28' title="bbox 73 2177 982 2246; baseline 0.008 -18"><span class='ocrx_word' id='word_1_213' title='bbox 73 2196 120 2246; x_wconf 81' lang='lat' dir='ltr'>gus</span> <span class='ocrx_word' id='word_1_214' title='bbox 128 2181 430 2236; x_wconf 75' lang='lat' dir='ltr'>inviolabilemcredebat,</span> <span class='ocrx_word' id='word_1_215' title='bbox 437 2177 517 2225; x_wconf 81' lang='lat' dir='ltr'>donec</span> <span class='ocrx_word' id='word_1_216' title='bbox 526 2187 655 2241; x_wconf 86' lang='lat' dir='ltr'>spectante</span> <span class='ocrx_word' id='word_1_217' title='bbox 664 2178 770 2234; x_wconf 73' lang='lat' dir='ltr'>Yitillio</span> <span class='ocrx_word' id='word_1_218' title='bbox 780 2178 925 2231; x_wconf 80' lang='lat' dir='ltr'>interiectus</span> <span class='ocrx_word' id='word_1_219' title='bbox 933 2197 982 2236; x_wconf 86' lang='lat' dir='ltr'>est.</span> 
     </span>
     <span class='ocr_line' id='line_1_29' title="bbox 107 2252 979 2317; baseline 0.005 -16"><span class='ocrx_word' id='word_1_220' title='bbox 107 2253 190 2303; x_wconf 83' lang='lat' dir='ltr'><strong>LXII.</strong></span> <span class='ocrx_word' id='word_1_221' title='bbox 201 2255 255 2304; x_wconf 86' lang='lat' dir='ltr'>Nec</span> <span class='ocrx_word' id='word_1_222' title='bbox 265 2255 331 2305; x_wconf 80' lang='lat' dir='ltr'>ultrit</span> <span class='ocrx_word' id='word_1_223' title='bbox 342 2257 366 2306; x_wconf 89' lang='lat' dir='ltr'>in</span> <span class='ocrx_word' id='word_1_224' title='bbox 378 2252 532 2309; x_wconf 74' lang='lat' dir='ltr'>defectores,</span> <span class='ocrx_word' id='word_1_225' title='bbox 546 2262 590 2299; x_wconf 86' lang='lat' dir='ltr'>aut</span> <span class='ocrx_word' id='word_1_226' title='bbox 602 2253 668 2300; x_wconf 87' lang='lat' dir='ltr'>bona</span> <span class='ocrx_word' id='word_1_227' title='bbox 678 2253 825 2317; x_wconf 70' lang='lat' dir='ltr'>citiusqusm</span> <span class='ocrx_word' id='word_1_228' title='bbox 836 2289 842 2310; x_wconf 85' lang='lat'>,</span> <span class='ocrx_word' id='word_1_229' title='bbox 854 2257 979 2310; x_wconf 71' lang='lat' dir='ltr'>saevitum.</span> 
     </span>
     <span class='ocr_line' id='line_1_30' title="bbox 71 2324 980 2398; baseline 0.004 -20"><span class='ocrx_word' id='word_1_230' title='bbox 71 2328 138 2378; x_wconf 82' lang='lat' dir='ltr'>Rata</span> <span class='ocrx_word' id='word_1_231' title='bbox 152 2328 220 2377; x_wconf 76' lang='lat' dir='ltr'>suere</span> <span class='ocrx_word' id='word_1_232' title='bbox 231 2346 336 2387; x_wconf 74' lang='lat' dir='ltr'>eorum,</span> <span class='ocrx_word' id='word_1_233' title='bbox 353 2329 396 2392; x_wconf 92' lang='lat' dir='ltr'>qui</span> <span class='ocrx_word' id='word_1_234' title='bbox 409 2328 462 2374; x_wconf 85' lang='lat' dir='ltr'>acie</span> <span class='ocrx_word' id='word_1_235' title='bbox 478 2324 622 2374; x_wconf 77' lang='lat' dir='ltr'>Othoniani</span> <span class='ocrx_word' id='word_1_236' title='bbox 638 2326 980 2398; x_wconf 69' lang='lat' dir='ltr'>cecide1·anr,tsnamenta,</span> 
     </span>
     <span class='ocr_line' id='line_1_31' title="bbox 71 2398 978 2467; baseline 0.007 -18"><span class='ocrx_word' id='word_1_237' title='bbox 71 2412 118 2450; x_wconf 85' lang='lat' dir='ltr'>sut</span> <span class='ocrx_word' id='word_1_238' title='bbox 128 2402 170 2450; x_wconf 79' lang='lat' dir='ltr'>lex</span> <span class='ocrx_word' id='word_1_239' title='bbox 181 2402 304 2451; x_wconf 85' lang='lat' dir='ltr'>intestatis</span> <span class='ocrx_word' id='word_1_240' title='bbox 318 2418 325 2448; x_wconf 75' lang='grc' dir='ltr'><strong><em>ε</em></strong></span> <span class='ocrx_word' id='word_1_241' title='bbox 337 2398 453 2466; x_wconf 79' lang='lat' dir='ltr'>prorsus,</span> <span class='ocrx_word' id='word_1_242' title='bbox 464 2401 484 2447; x_wconf 88' lang='lat' dir='ltr'>si</span> <span class='ocrx_word' id='word_1_243' title='bbox 495 2400 597 2449; x_wconf 81' lang='lat' dir='ltr'>luxuriae</span> <span class='ocrx_word' id='word_1_244' title='bbox 608 2413 773 2467; x_wconf 85' lang='lat' dir='ltr'>temperaret,</span> <span class='ocrx_word' id='word_1_245' title='bbox 784 2405 915 2453; x_wconf 85' lang='lat' dir='ltr'>avaritiam</span> <span class='ocrx_word' id='word_1_246' title='bbox 926 2425 978 2457; x_wconf 87' lang='lat' dir='ltr'>nort</span> 
     </span>
     <span class='ocr_line' id='line_1_32' title="bbox 69 2473 980 2544; baseline 0.002 -21"><span class='ocrx_word' id='word_1_247' title='bbox 69 2476 185 2524; x_wconf 86' lang='lat' dir='ltr'>timeres.</span> <span class='ocrx_word' id='word_1_248' title='bbox 203 2476 341 2541; x_wconf 81' lang='lat' dir='ltr'>Epularum</span> <span class='ocrx_word' id='word_1_249' title='bbox 358 2474 423 2524; x_wconf 83' lang='lat' dir='ltr'>laeda</span> <span class='ocrx_word' id='word_1_250' title='bbox 441 2487 466 2525; x_wconf 90' lang='lat' dir='ltr'>et</span> <span class='ocrx_word' id='word_1_251' title='bbox 482 2475 644 2541; x_wconf 85' lang='lat' dir='ltr'>inexplebilis</span> <span class='ocrx_word' id='word_1_252' title='bbox 660 2473 740 2526; x_wconf 80' lang='lat' dir='ltr'>libido</span> <span class='ocrx_word' id='word_1_253' title='bbox 757 2492 809 2525; x_wconf 84' lang='lat' dir='ltr'>:ex</span> <span class='ocrx_word' id='word_1_254' title='bbox 825 2479 888 2530; x_wconf 87' lang='lat' dir='ltr'>urbe</span> <span class='ocrx_word' id='word_1_255' title='bbox 903 2493 980 2544; x_wconf 80' lang='lat' dir='ltr'>atque</span> 
     </span>
     <span class='ocr_line' id='line_1_33' title="bbox 68 2548 978 2617; baseline 0.003 -18"><span class='ocrx_word' id='word_1_256' title='bbox 68 2548 145 2600; x_wconf 70' lang='lat' dir='ltr'>Italia</span> <span class='ocrx_word' id='word_1_257' title='bbox 154 2553 309 2602; x_wconf 82' lang='lat' dir='ltr'>irritamenta</span> <span class='ocrx_word' id='word_1_258' title='bbox 320 2552 382 2616; x_wconf 79' lang='lat' dir='ltr'>gule</span> <span class='ocrx_word' id='word_1_259' title='bbox 390 2552 561 2615; x_wconf 82' lang='lat' dir='ltr'>gestabantur,</span> <span class='ocrx_word' id='word_1_260' title='bbox 572 2552 741 2617; x_wconf 88' lang='lat' dir='ltr'>strepentibus</span> <span class='ocrx_word' id='word_1_261' title='bbox 750 2552 781 2599; x_wconf 88' lang='lat' dir='ltr'>ab</span> <span class='ocrx_word' id='word_1_262' title='bbox 792 2564 898 2615; x_wconf 84' lang='lat' dir='ltr'>utroque</span> <span class='ocrx_word' id='word_1_263' title='bbox 910 2556 978 2603; x_wconf 89' lang='lat' dir='ltr'>mari</span> 
     </span>
     <span class='ocr_line' id='line_1_34' title="bbox 67 2624 975 2704; baseline -0.001 -30"><span class='ocrx_word' id='word_1_264' title='bbox 67 2625 217 2675; x_wconf 84' lang='lat' dir='ltr'>itineribus.</span> <span class='ocrx_word' id='word_1_265' title='bbox 225 2624 975 2704; x_wconf 74' lang='lat' dir='ltr'>exhausticotrviviorumapparatibnsptincipeaeivitatum:</span> 
     </span>
     <span class='ocr_line' id='line_1_35' title="bbox 65 2694 978 2765; baseline -0.001 -17"><span class='ocrx_word' id='word_1_266' title='bbox 65 2698 251 2748; x_wconf 75' lang='lat' dir='ltr'>vastabantur</span> <span class='ocrx_word' id='word_1_267' title='bbox 246 2717 302 2765; x_wconf 75' lang='lat' dir='ltr'>ipsas</span> <span class='ocrx_word' id='word_1_268' title='bbox 311 2702 438 2749; x_wconf 79' lang='lat' dir='ltr'>civitatee,</span> <span class='ocrx_word' id='word_1_269' title='bbox 453 2696 637 2763; x_wconf 78' lang='lat' dir='ltr'>degenerabat</span> <span class='ocrx_word' id='word_1_270' title='bbox 630 2714 645 2743; x_wconf 87' lang='lat' dir='ltr'>a</span> <span class='ocrx_word' id='word_1_271' title='bbox 654 2696 738 2742; x_wconf 89' lang='lat' dir='ltr'>labore</span> <span class='ocrx_word' id='word_1_272' title='bbox 748 2711 776 2741; x_wconf 89' lang='lat' dir='ltr'>ac</span> <span class='ocrx_word' id='word_1_273' title='bbox 786 2694 881 2743; x_wconf 85' lang='lat' dir='ltr'>virtute</span> <span class='ocrx_word' id='word_1_274' title='bbox 893 2699 978 2759; x_wconf 88' lang='lat' dir='ltr'>miles,</span> 
     </span>
     <span class='ocr_line' id='line_1_36' title="bbox 64 2769 975 2840; baseline 0 -20"><span class='ocrx_word' id='word_1_275' title='bbox 64 2772 232 2824; x_wconf 79' lang='lat' dir='ltr'>assuetudine</span> <span class='ocrx_word' id='word_1_276' title='bbox 245 2775 414 2840; x_wconf 86' lang='lat' dir='ltr'>voluptatum,</span> <span class='ocrx_word' id='word_1_277' title='bbox 427 2788 452 2826; x_wconf 82' lang='lat' dir='ltr'>et</span> <span class='ocrx_word' id='word_1_278' title='bbox 460 2782 608 2837; x_wconf 90' lang='lat' dir='ltr'>contemptu</span> <span class='ocrx_word' id='word_1_279' title='bbox 620 2770 700 2818; x_wconf 67' lang='lat' dir='ltr'>ducier.</span> <span class='ocrx_word' id='word_1_280' title='bbox 716 2769 854 2818; x_wconf 76' lang='lat' dir='ltr'>Praemisit</span> <span class='ocrx_word' id='word_1_281' title='bbox 849 2787 873 2818; x_wconf 87' lang='lat' dir='ltr'>tn</span> <span class='ocrx_word' id='word_1_282' title='bbox 884 2773 975 2824; x_wconf 83' lang='lat' dir='ltr'>urbem</span> 
     </span>
     <span class='ocr_line' id='line_1_37' title="bbox 53 2842 975 2917; baseline 0 -20"><span class='ocrx_word' id='word_1_283' title='bbox 53 2844 661 2917; x_wconf 81' lang='lat' dir='ltr'>edictum,quovocabulumAnguett&#39;differret,</span> <span class='ocrx_word' id='word_1_284' title='bbox 666 2842 975 2911; x_wconf 84' lang='lat' dir='ltr'>Coesarisnonreciperet‚</span> 
     </span>
     <span class='ocr_line' id='line_1_38' title="bbox 65 2916 974 2991; baseline 0.001 -20"><span class='ocrx_word' id='word_1_285' title='bbox 65 2937 149 2986; x_wconf 88' lang='lat' dir='ltr'>quum</span> <span class='ocrx_word' id='word_1_286' title='bbox 164 2924 194 2973; x_wconf 90' lang='lat' dir='ltr'>de</span> <span class='ocrx_word' id='word_1_287' title='bbox 214 2936 339 2991; x_wconf 87' lang='lat' dir='ltr'>potestate</span> <span class='ocrx_word' id='word_1_288' title='bbox 355 2926 419 2974; x_wconf 87' lang='lat' dir='ltr'>nibil</span> <span class='ocrx_word' id='word_1_289' title='bbox 439 2921 593 2972; x_wconf 82' lang='lat' dir='ltr'>detraheret</span> <span class='ocrx_word' id='word_1_290' title='bbox 612 2918 682 2968; x_wconf 86' lang='lat' dir='ltr'>Pulsi</span> <span class='ocrx_word' id='word_1_291' title='bbox 700 2916 773 2966; x_wconf 88' lang='lat' dir='ltr'>ltalia</span> <span class='ocrx_word' id='word_1_292' title='bbox 792 2917 974 2975; x_wconf 87' lang='lat' dir='ltr'>mathematici</span> 
     </span>
     <span class='ocr_line' id='line_1_39' title="bbox 63 2977 1006 3064; baseline -0.004 -16"><span class='ocrx_word' id='word_1_293' title='bbox 63 3001 176 3048; x_wconf 82' lang='lat' dir='ltr'>Cautum</span> <span class='ocrx_word' id='word_1_294' title='bbox 187 2998 282 3057; x_wconf 72' lang='lat' dir='ltr'>severe,</span> <span class='ocrx_word' id='word_1_295' title='bbox 291 3017 343 3048; x_wconf 83' lang='lat' dir='ltr'>nne</span> <span class='ocrx_word' id='word_1_296' title='bbox 354 3011 452 3064; x_wconf 79' lang='lat' dir='ltr'>equites</span> <span class='ocrx_word' id='word_1_297' title='bbox 459 2977 636 3050; x_wconf 83' lang='lat' dir='ltr'>Romantlndo</span> <span class='ocrx_word' id='word_1_298' title='bbox 645 3003 670 3040; x_wconf 90' lang='lat' dir='ltr'>et</span> <span class='ocrx_word' id='word_1_299' title='bbox 679 2990 752 3041; x_wconf 75' lang='lat' dir='ltr'>areni</span> <span class='ocrx_word' id='word_1_300' title='bbox 759 2993 973 3057; x_wconf 78' lang='lat' dir='ltr'>polluerentur»</span> <span class='ocrx_word' id='word_1_301' title='bbox 1003 3037 1006 3044; x_wconf 86' lang='lat'><em>.</em></span> 
     </span>
     <span class='ocr_line' id='line_1_40' title="bbox 63 3066 973 3156; baseline -0.001 -37"><span class='ocrx_word' id='word_1_302' title='bbox 63 3073 199 3138; x_wconf 76' lang='lat' dir='ltr'>priores</span> <span class='ocrx_word' id='word_1_303' title='bbox 176 3072 203 3118; x_wconf 94' lang='lat' dir='ltr'>id</span> <span class='ocrx_word' id='word_1_304' title='bbox 213 3073 338 3156; x_wconf 85' lang='lat' dir='ltr'>principes</span> <span class='ocrx_word' id='word_1_305' title='bbox 348 3072 468 3137; x_wconf 63' lang='lat' dir='ltr'>pecuum,</span> <span class='ocrx_word' id='word_1_306' title='bbox 481 3067 604 3133; x_wconf 75' lang='lat' dir='ltr'>strepitis</span> <span class='ocrx_word' id='word_1_307' title='bbox 613 3068 650 3125; x_wconf 77' lang='lat' dir='ltr'>ai,</span> <span class='ocrx_word' id='word_1_308' title='bbox 662 3066 841 3149; x_wconf 79' lang='lat' dir='ltr'>perpulerant.</span> <span class='ocrx_word' id='word_1_309' title='bbox 850 3084 879 3115; x_wconf 87' lang='lat' dir='ltr'>ac</span> <span class='ocrx_word' id='word_1_310' title='bbox 888 3070 973 3133; x_wconf 80' lang='lat' dir='ltr'>pleta-</span> 
     </span>
     <span class='ocr_line' id='line_1_41' title="bbox 60 3140 973 3212; baseline 0.001 -20"><span class='ocrx_word' id='word_1_311' title='bbox 60 3161 114 3209; x_wconf 89' lang='lat' dir='ltr'>qne</span> <span class='ocrx_word' id='word_1_312' title='bbox 129 3144 265 3212; x_wconf 86' lang='lat' dir='ltr'>municipia</span> <span class='ocrx_word' id='word_1_313' title='bbox 278 3158 305 3194; x_wconf 84' lang='lat' dir='ltr'>et</span> <span class='ocrx_word' id='word_1_314' title='bbox 313 3146 425 3194; x_wconf 75' lang='lat' dir='ltr'>colonie</span> <span class='ocrx_word' id='word_1_315' title='bbox 440 3143 637 3203; x_wconf 79' lang='lat' dir='ltr'>emulabantur,</span> <span class='ocrx_word' id='word_1_316' title='bbox 651 3140 869 3208; x_wconf 85' lang='lat' dir='ltr'>corruptissimum</span> <span class='ocrx_word' id='word_1_317' title='bbox 882 3159 973 3206; x_wconf 84' lang='lat' dir='ltr'>quern-</span> 
     </span>
     <span class='ocr_line' id='line_1_42' title="bbox 58 3219 1001 3288; baseline -0.002 -20"><span class='ocrx_word' id='word_1_318' title='bbox 58 3236 110 3287; x_wconf 90' lang='lat' dir='ltr'>que</span> <span class='ocrx_word' id='word_1_319' title='bbox 124 3219 326 3271; x_wconf 86' lang='lat' dir='ltr'>adolescentium</span> <span class='ocrx_word' id='word_1_320' title='bbox 337 3222 419 3288; x_wconf 86' lang='lat' dir='ltr'>pretio</span> <span class='ocrx_word' id='word_1_321' title='bbox 429 3222 532 3269; x_wconf 85' lang='lat' dir='ltr'>illicere</span> <span class='ocrx_word' id='word_1_322' title='bbox 993 3281 1001 3287; x_wconf 80' lang='lat'><em>.</em></span> 
     </span>
    </p>

    <p class='ocr_par' dir='ltr' id='par_1_10' title="bbox 94 3285 983 3355">
     <span class='ocr_line' id='line_1_43' title="bbox 94 3285 983 3355; baseline -0.002 -14"><span class='ocrx_word' id='word_1_323' title='bbox 94 3294 190 3342; x_wconf 91' lang='lat' dir='ltr'>LXIll</span> <span class='ocrx_word' id='word_1_324' title='bbox 203 3285 258 3342; x_wconf 81' lang='lat' dir='ltr'>Sed</span> <span class='ocrx_word' id='word_1_325' title='bbox 263 3297 401 3350; x_wconf 87' lang='lat' dir='ltr'>Vitellius</span> <span class='ocrx_word' id='word_1_326' title='bbox 414 3292 524 3342; x_wconf 83' lang='lat' dir='ltr'>adventu</span> <span class='ocrx_word' id='word_1_327' title='bbox 535 3290 626 3352; x_wconf 80' lang='lat' dir='ltr'>fratris,</span> <span class='ocrx_word' id='word_1_328' title='bbox 637 3300 663 3337; x_wconf 89' lang='lat' dir='ltr'>et</span> <span class='ocrx_word' id='word_1_329' title='bbox 672 3288 839 3355; x_wconf 79' lang='lat' dir='ltr'>irrepentibus</span> <span class='ocrx_word' id='word_1_330' title='bbox 853 3289 971 3339; x_wconf 88' lang='lat' dir='ltr'>domina·</span> <span class='ocrx_word' id='word_1_331' title='bbox 975 3315 983 3321; x_wconf 75' lang='lat'>=</span> 
     </span>
    </p>

    <p class='ocr_par' dir='ltr' id='par_1_11' title="bbox 61 3361 968 3435">
     <span class='ocr_line' id='line_1_44' title="bbox 61 3361 968 3435; baseline -0.001 -22"><span class='ocrx_word' id='word_1_332' title='bbox 61 3366 142 3415; x_wconf 88' lang='lat' dir='ltr'>tionis</span> <span class='ocrx_word' id='word_1_333' title='bbox 157 3369 301 3432; x_wconf 79' lang='lat' dir='ltr'>magistris,</span> <span class='ocrx_word' id='word_1_334' title='bbox 322 3369 453 3435; x_wconf 82' lang='lat' dir='ltr'>superbior</span> <span class='ocrx_word' id='word_1_335' title='bbox 469 3380 494 3415; x_wconf 90' lang='lat' dir='ltr'>et</span> <span class='ocrx_word' id='word_1_336' title='bbox 521 3364 647 3428; x_wconf 80' lang='lat' dir='ltr'>atrocior,</span> <span class='ocrx_word' id='word_1_337' title='bbox 661 3374 687 3414; x_wconf 84' lang='lat' dir='ltr'>et</span> <span class='ocrx_word' id='word_1_338' title='bbox 708 3361 790 3409; x_wconf 86' lang='lat' dir='ltr'>occidi</span> <span class='ocrx_word' id='word_1_339' title='bbox 809 3364 968 3412; x_wconf 84' lang='lat' dir='ltr'>Dolabellam</span> 
     </span>
    </p>
   </div>
   <div class='ocr_carea' id='block_1_5' title="bbox 60 3434 969 3509">
    <p class='ocr_par' dir='ltr' id='par_1_12' title="bbox 60 3434 969 3509">
     <span class='ocr_line' id='line_1_45' title="bbox 60 3434 969 3509; baseline -0.006 -21"><span class='ocrx_word' id='word_1_340' title='bbox 60 3437 149 3504; x_wconf 83' lang='lat' dir='ltr'>jussit,</span> <span class='ocrx_word' id='word_1_341' title='bbox 159 3457 238 3506; x_wconf 90' lang='lat' dir='ltr'>quem</span> <span class='ocrx_word' id='word_1_342' title='bbox 251 3443 277 3493; x_wconf 91' lang='lat' dir='ltr'>in</span> <span class='ocrx_word' id='word_1_343' title='bbox 286 3445 413 3495; x_wconf 88' lang='lat' dir='ltr'>coloniam</span> <span class='ocrx_word' id='word_1_344' title='bbox 423 3442 576 3509; x_wconf 76' lang='lat' dir='ltr'>Aquinatem</span> <span class='ocrx_word' id='word_1_345' title='bbox 586 3437 724 3504; x_wconf 80' lang='lat' dir='ltr'>sepositum</span> <span class='ocrx_word' id='word_1_346' title='bbox 733 3435 764 3483; x_wconf 88' lang='lat' dir='ltr'>ab</span> <span class='ocrx_word' id='word_1_347' title='bbox 773 3434 887 3495; x_wconf 83' lang='lat' dir='ltr'>Othone,</span> <span class='ocrx_word' id='word_1_348' title='bbox 899 3447 969 3485; x_wconf 87' lang='lat' dir='ltr'>retu·</span> 
     </span>
    </p>
   </div>
   <div class='ocr_carea' id='block_1_6' title="bbox 733 3508 838 3680">
    <p class='ocr_par' dir='ltr' id='par_1_13' title="bbox 733 3508 838 3680">
     <span class='ocr_line' id='line_1_46' title="bbox 777 3508 838 3568; baseline 0 -14"><span class='ocrx_word' id='word_1_349' title='bbox 777 3508 838 3568; x_wconf 88' lang='lat' dir='ltr'>Q2</span> 
     </span>
     <span class='ocr_line' id='line_1_47' title="bbox 733 3636 826 3680; baseline 0 -36"><span class='ocrx_word' id='word_1_350' title='bbox 733 3636 826 3680; x_wconf 61' lang='lat' dir='ltr'>s.</span> 
     </span>
    </p>
   </div>
   <div class='ocr_carea' id='block_1_7' title="bbox 0 0 1122 3817">
    <p class='ocr_par' dir='ltr' id='par_1_14' title="bbox 0 0 1122 3817">
     <span class='ocr_line' id='line_1_48' title="bbox 0 0 1122 3817; baseline 0 4"><span class='ocrx_word' id='word_1_351' title='bbox 0 0 1122 3817; x_wconf 95' lang='lat' dir='ltr'> </span> 
     </span>
    </p>
   </div>
  </div>
 </body>
</html>
