2234 3817
344 184 603 257 'rrrsronrsnnrr
621 206 686 242 urs.
709 205 751 242 rr.
959 192 1008 244 423

97 286 214 336 virorum
230 300 321 352 manns
331 287 406 336 unius
417 289 484 339 senis
496 287 641 337 valetudine
653 289 715 353 regi.
731 287 799 349 Quin
813 285 900 353 potilio
907 325 914 350 ,
926 288 1008 336 inter·

97 357 167 409 fecto
179 361 315 421 traditore,
325 361 454 411 fertonem
469 365 640 427 virtutemque
650 373 722 412 'suam
735 364 803 412 malo
821 363 907 411 omine
924 364 1011 412 essol-

97 447 189 482 verent
199 453 224 483 n.
237 437 285 484 His
302 437 369 484 inter
379 453 405 484 se
421 437 525 493 vocibus
538 438 670 486 instinctos
684 438 844 487 flammavere
859 438 961 502 insuper
973 436 1011 484 al-

95 506 156 556 latae
164 508 179 556 i
187 509 345 575 Vespasiano
354 510 457 577 litterae,
467 526 529 575 quas
539 513 653 572 Flaccus,
663 513 719 577 quin
731 512 852 560 occultari
864 510 1011 575 nequibant,

97 596 152 646 pro
168 583 289 631 concione
310 583 442 647 recitavit3
463 586 624 651 vinctosque,
645 587 688 652 qni
708 585 865 648 attulerant,
878 583 911 632 ad
928 582 1012 631 Vitel-

99 653 167 702 lium
179 656 261 705 misit.
478 658 492 683 ⁴
857 652 861 659 ⁴

132 727 221 777 XXV.
235 730 276 777 Sic
287 729 408 793 mitigatis
421 730 511 778 animis
520 767 527 790 ,
536 731 650 781 Bonnam
660 767 665 786 ,
674 729 778 778 hiberna
792 732 879 797 primae
887 728 994 795 legionis
1005 761 1014 787 ,

97 812 219 850 ventum.
231 800 358 850 lulensior
364 803 417 852 illic
430 804 518 863 miles,
533 806 634 870 culpam
644 803 723 852 cladis
732 805 758 851 io
770 804 947 853 Hordeonium
956 819 1015 851 rer-

99 876 173 929 tebat
185 891 192 923 z
206 891 221 923 o
229 875 282 938 eius
297 876 366 938 iussu
377 877 501 928 directam
514 880 634 927 adversus
646 879 753 926 Batavos
764 881 856 938 aciem,
870 891 988 941 tauquam
1000 875 1015 924 d

53 968 56 977 ¹
102 949 268 1013 Mogontiaco
284 950 395 1012 legiones
413 960 581 1016 sequerentur
602 971 608 1001 ε
628 951 741 1014 ejusdem
761 952 903 1017 proditione
924 966 1015 1013 caesos,

103 1021 184 1071 nullis
203 1023 440 1085 supervenientibus
455 1027 564 1074 auxiliis.
578 1024 667 1088 Ignota
678 1023 729 1071 hec
742 1026 832 1072 ceteris
844 1022 1013 1079 exercitibus,
1059 1017 1067 1028 '

100 1111 188 1158 neque
205 1094 352 1160 imperatori
362 1114 408 1146 sno
422 1101 534 1147 nuntiari
544 1117 550 1163 3
562 1115 640 1164 quum
652 1113 756 1146 accursu
768 1108 807 1146 tot
824 1098 1012 1163 provinciarum

101 1175 233 1238 exstingui
242 1191 331 1242 repens
341 1177 446 1243 perfidia
458 1180 570 1248 potuerit
580 1196 605 1226 n.
624 1177 783 1227 Hordeonius
792 1178 942 1243 exemplaria
954 1192 1013 1223 om·

105 1247 178 1296 nium
187 1248 344 1310 litterarum,
355 1252 445 1314 quihus
455 1270 501 1319 per
510 1253 608 1303 ¹Gallias
619 1252 823 1315 Britanniamque
840 1263 865 1301 et
878 1249 1014 1315 Hispanias

107 1323 200 1371 auxilia
212 1326 314 1384 orabat,
326 1328 450 1376 exercitui
465 1328 595 1389 recitavit3
610 1327 770 1389 instituitque
784 1325 938 1392 (pessimum
950 1322 1014 1389 iaci·

108 1396 174 1463 nus)
191 1408 220 1445 ut
236 1400 350 1464 epistolae
364 1399 501 1463 aquiliferis
520 1400 650 1465 legionum
668 1400 841 1456 traderentur,
854 1397 868 1447 a
882 1398 938 1463 quis
954 1395 1012 1446 ante

107 1470 196 1530 militi,
207 1471 284 1536 quim
292 1472 412 1533 ducibus,
424 1474 582 1539 legebantur.
594 1473 684 1521 Turne
698 1473 823 1537 seditiosis
835 1489 912 1521 unum
925 1469 1014 1520 vinciri

105 1541 191 1607 jubet,
200 1547 279 1610 magis
290 1545 430 1611 usurpandi
442 1548 518 1611 juris,
534 1546 610 1612 quim
622 1549 678 1611 quia
689 1547 766 1599 unius
778 1548 851 1613 culpa
861 1547 935 1595 foret.
950 1543 1013 1592 Mo·

104 1631 196 1684 susque
205 1619 424 1670 Bonuricxercitus
433 1622 459 1670 in
471 1622 599 1670 coloniam
610 1620 819 1688 Agrippinensem
828 1642 835 1685 3
844 1618 1017 1670 adfluentibus

103 1695 206 1743 auxiliis
219 1694 411 1759 Gallorum‚qni
420 1695 503 1762 primo
511 1713 565 1745 rem
572 1699 715 1746 Romanam
725 1695 931 1757 enixeiuvabant.
941 1693 1011 1759 Mor,

101 1763 288 1817 ralescentibus
310 1768 457 1828 Germanis,
475 1772 599 1832 plcraeqne
615 1771 730 1815 civitates
749 1769 882 1816 adversum
901 1783 947 1816 uos
968 1782 1014 1813 ar·

104 1853 194 1900 metae,
207 1860 249 1909 spe
260 1843 400 1901 libertatis3
411 1853 452 1896 et,
462 1843 483 1885 si
498 1844 637 1887 creuissent
648 1841 791 1897 servitium,
800 1842 918 1904 cupidine
931 1843 1014 1906 irnpe-

105 1916 211 1964 ritandi.
226 1915 354 1964 Gliscebat
367 1909 496 1958 iracundia
508 1909 655 1972 legionum,
666 1925 713 1956 nec
727 1921 848 1958 terrorem
858 1914 932 1959 unius
943 1914 1013 1960 mili·

108 1988 143 2035 tis
153 1987 248 2035 vincula
261 1985 424 2035 indiderant:
438 1981 501 2044 quin
513 1980 581 2028 idem
595 1982 639 2028 ille
651 1981 771 2044 arguebat
781 1982 848 2029 ultro
860 1986 1014 2032 «conscien-

111 2050 176 2109 tiam
189 2059 256 2108 du‘cis
268 2052 407 2121 :tauquam
425 2056 530 2103 nuntius
549 2056 614 2102 inter
634 2053 743 2101 Civilem
755 2052 936 2119 Flaccumque,
949 2056 1014 2105 falso

111 2133 230 2194 crimine,
241 2134 313 2182 testis
321 2132 376 2179 veri
388 2129 574 2195 opprimeretur
583 2144 608 2175 n.
620 2126 774 2176 Conscendit
783 2128 895 2176 tribunal
905 2130 1024 2192 voculas

110 2206 178 2271 miri
187 2203 337 2261 constantii,
348 2202 552 2269 prehensumque
564 2201 681 2260 militem,
694 2217 723 2249 ac
733 2200 921 2261 vociferantem,
931 2220 945 2251 (ι
954 2203 1021 2264 (ΙιιείΙ

113 2279 147 2328 ad
166 2282 336 2346 supplicium»
347 2279 428 2342 iussit.
448 2277 481 2324 Et
497 2276 559 2323 dum
577 2276 639 2324 mali
652 2288 745 2342 pavent
755 2314 762 2336 ,
781 2254 892 2342 optinius
908 2280 1014 2342 quisque
1079 2338 1081 2341 v

111 2353 186 2418 jussis
197 2353 308 2420 parulrea
326 2352 392 2402 Exin
402 2365 525 2399 consensu
540 2348 655 2399 «ducem
669 2350 817 2402 Voculam»
837 2353 1015 2419 poscentibus,

109 2427 131 2478 F
132 2429 217 2477 laccus
225 2432 350 2479 summam
363 2442 448 2475 rerum
458 2426 481 2472 ei
493 2424 618 2489 permisit.
798 2439 803 2443 ·

119 2540 121 2544 ,
142 2503 241 2550 XXVI.
260 2500 310 2548 Sed
322 2499 447 2548 discordes
457 2500 554 2547 animos
567 2501 645 2552 multa
656 2499 807 2551 efferebant:
821 2503 906 2566 inopia
916 2502 1015 2566 stipen-

107 2574 325 2635 diilrumentique
336 2592 343 2635 ς
355 2585 381 2623 et
391 2574 466 2621 simul
479 2572 605 2621 delectum
616 2575 759 2637 tributaque
769 2574 855 2623 Galliae
866 2573 1018 2636 adspernan-

110 2659 150 2697 tes
161 2667 169 2712 5
180 2647 301 2706 Rhenus,
311 2647 436 2714 incogniti
446 2647 482 2694 illi
497 2648 559 2693 coelo
574 2649 686 2693 siccitate
697 2682 703 2701 ‚
721 2637 763 2694 vix
780 2649 883 2693 navium
901 2649 1016 2709 patiens3

110 2718 174 2771 arcti
192 2732 363 2770 commeatus:
380 2721 505 2785 dispositae
521 2734 564 2784 per
582 2734 685 2764 omnem
707 2720 788 2782 ripam
809 2719 941 2777 stationes,
960 2734 1015 2780 quae
1068 2772 1070 2777 ¹

110 2795 254 2842 Germanos
264 2793 326 2843 rado
339 2806 453 2844 arcerent
463 2812 471 2858 3
483 2791 620 2854 eidemque
633 2791 665 2837 de
679 2790 752 2838 causi
763 2790 845 2837 minirs
859 2789 960 2854 frugum
973 2803 1014 2849 ,ct

50 2874 56 2885 '
110 2868 212 2934 plures,
224 2867 268 2931 qui
279 2879 464 2916 consumerent.
476 2863 551 2929 Apud
565 2864 696 2928 imperitos
710 2861 821 2928 prodigii
834 2863 891 2909 ioco
906 2863 1018 2928 accipie·

110 2940 187 2988 batur
208 2942 262 3005 ipsa
282 2958 405 3006 aquarum
424 2940 544 3005 penuria,
564 2948 682 3000 tauquam
697 2952 744 2983 nos
762 2952 976 3001 omnesquoque,
991 2946 1017 2983 et

109 3025 197 3064 vetera
211 3016 310 3079 imperii
328 3017 484 3062 munimenta
495 3010 653 3057 desererent:
664 3010 732 3072 qnod
749 3010 776 3057 in
795 3027 867 3074 pace,
878 3010 955 3078 fiiis,
972 3027 1016 3059 seu

114 3096 219 3138 natura
228 3125 238 3148 ,
247 3088 411 3154 tuncfatu'm
420 3097 445 3133 et
454 3090 498 3135 ira
508 3085 576 3144 Dei,
590 3084 733 3130 vocabatur.
748 3087 867 3148 ingressis
878 3087 1017 3142 Novesium

108 3159 285 3211 tertiadecima
295 3162 362 3226 legio
373 3159 542 3222 conjungitur.
553 3156 663 3204 Additus
674 3157 777 3206 Voculae
787 3160 813 3206 iu
830 3170 925 3222 partem
940 3174 1014 3204 cura-

73 3236 79 3245 *
106 3251 167 3285 rum
180 3237 323 3284 Herennius
347 3233 451 3294 Gallus3
470 3232 566 3296 legatus
584 3249 589 3277 ε
607 3246 655 3277 uec
672 3231 732 3301 ansi!
741 3231 772 3278 ad
787 3232 886 3279 hostem
897 3246 1016 3296 pergere,

107 3308 168 3370 loco
179 3344 185 3363 ‚
198 3309 240 3355 cni
253 3307 371 3357 Gelduba
387 3321 480 3353 nornen
495 3316 546 3363 est,
561 3315 639 3350 castra
653 3302 744 3350 fecere.
758 3304 796 3351 lbi
811 3303 929 3351 struendi
945 3304 1015 3360 acie,

112 3380 303 3444 muniendoque
313 3378 495 3441 vallandoque,
506 3388 532 3426 et
543 3377 634 3433 ceteris
643 3376 703 3422 belli
714 3375 901 3423 meditamentis
910 3374 1018 3422 militem

112 3454 258 3531 firmabant.
271 3450 455 3529 thuepptcdi
465 3450 497 3505 ed
510 3451 634 3527 rigentem
650 3450 837 3526 percelleretur,
850 3448 878 3498 iu
889 3448 1019 3517 proximos
