2234 3817
140 118 181 174 '7⁰
438 115 478 168 ,μ
498 114 597 152 cottn.
617 109 731 162 eteius

147 186 225 244 moda
239 183 417 240 suutdfflesseo
432 185 550 252 equidem
559 186 642 248 filium
654 200 756 249 meum,
771 196 920 254 semperque
934 162 1057 234 dedebat*

147 260 193 310 ted
203 276 284 325 neque
293 276 364 309 reum
372 260 511 326 prohibeo,
523 260 661 323 quominus
669 270 759 308 cuncta
768 256 882 325 prolerat
890 292 898 315 ,
910 255 1002 320 quibus
1014 257 1057 306 in·

148 335 262 385 nocentia
276 334 329 397 ejus
347 334 486 396 sublevari,
504 341 563 394 aut,
583 337 604 383 si
625 349 672 397 qua
692 331 741 384 fuit
758 332 876 397 iniquitas
894 328 1057 392 Germanici,

59 445 64 452 »
147 412 250 474 coargui
263 410 357 476 possit:
370 426 465 474 vosque
479 423 539 470 oro,
554 426 600 465 ue,
617 408 675 474 quia
687 405 773 456 dolori
784 422 841 455 meo
852 419 925 453 causa
938 417 1057 452 connexa

147 496 198 544 est,
215 485 311 547 objecta
327 485 432 534 crimina
449 502 496 550 pro
512 482 657 555 adprobatis
670 482 811 549 accipiatis.
823 481 850 529 Si
863 492 927 544 quos
943 478 1057 544 propin-

147 574 212 624 quus
219 560 332 624 sanguis,
343 558 456 610 euclides
466 575 511 608 sus
520 570 641 625 patronos
651 556 722 607 dedit
730 594 737 614 ,
745 567 868 621 quantum
877 553 986 617 quisque
998 551 1058 600 elo-

145 632 246 698 quentid
256 634 349 682 eccuni
359 636 440 698 valet,
452 632 535 696 jurate
544 634 745 700 periclitantem:
756 630 789 680 ad
798 628 916 678 eumdem
925 626 1056 691 laborem,

144 704 261 760 eamdem
281 710 450 759 constantiam
467 719 624 758 accusatores
640 704 740 756 horror.
757 703 788 753 Id
802 705 885 753 solum
899 701 1057 750 Germanico

138 787 219 864 seper
230 780 297 853 leges
304 782 503 847 prostituimus,
513 777 614 856 quodie
622 781 690 831 curii
698 779 783 846 potiits
792 778 868 843 quem
877 778 902 826 iu
911 775 979 844 loro,
988 773 1058 841 apud

143 864 257 902 senatum
273 854 348 918 quim
366 856 435 922 apud
451 855 560 924 judices,
578 855 609 906 de
625 867 708 903 morte
723 855 776 917 ejus
791 851 935 916 anquiritur
949 866 956 898 ι
970 862 1057 900 cetera

143 928 199 995 pari
206 927 476 996 modestidtractentur
487 950 493 979 :
504 947 579 981 nemo
588 930 663 979 Drusi
674 930 811 995 lacrymas,
821 941 898 975 nemo
907 922 1057 975 moestitiam

144 1018 227 1053 meam
239 1015 349 1068 spectet,
360 1023 406 1055 nec
416 1006 437 1057 ri
448 1009 497 1072 qua
508 1009 535 1054 in
546 1002 703 1053 nosadrersa
712 1003 842 1068 finguntur
853 1017 879 1049 u.

176 1076 249 1126 xm.
265 1078 331 1125 Exin
346 1079 478 1130 «biduum
493 1077 638 1131 criminibus
651 1075 800 1142 objiciendis
811 1074 960 1132 statuitur,
972 1083 1056 1138 utque

143 1163 188 1197 sex
201 1146 301 1196 dierum
318 1150 399 1215 spatio
414 1139 565 1213 interiecto,
576 1166 635 1199 reus
650 1166 695 1216 per
709 1148 823 1204 triduum
839 1144 1055 1199 defenderetur».

143 1221 210 1270 Turn
221 1218 350 1270 Fulcinius
359 1234 445 1271 vetera
456 1235 481 1271 et
490 1223 574 1282 inania
587 1224 685 1273 orditur·
696 1242 702 1272 :
715 1220 870 1273 «ambitiose
882 1219 1005 1285 avareque
1014 1218 1058 1269 ba·

143 1295 222 1344 bitam
232 1294 381 1359 Hispaniam
391 1310 406 1343 u
418 1313 424 1344 ι
436 1294 506 1360 quad
516 1297 752 1358 nsque'convietum
762 1311 833 1346 noxe
845 1310 890 1342 reo
896 1331 904 1357 ,
913 1292 934 1340 si
944 1293 1056 1343 recentia

143 1379 271 1433 purgat-en
279 1384 359 1431 neque
370 1368 501 1418 detonsum
509 1368 661 1417 absolutioni
669 1376 735 1424 erat,
747 1370 769 1417 si
779 1379 907 1417 teneretur
918 1367 1056 1431 majoribus

143 1441 252 1507 flagitiis.
266 1444 327 1491 Post
342 1460 419 1506 quem
432 1445 559 1500 Servaeus,
570 1454 598 1492 et
606 1443 744 1502 Veranius,
757 1453 783 1489 et
796 1441 916 1509 Vitellius
929 1434 1057 1489 consimili

141 1515 244 1571 studio,
256 1515 302 1562 sed
313 1515 393 1565 ruultd
405 1518 550 1583 eloquentid
561 1517 692 1570 Vitellius.
705 1515 818 1580 objecdre
830 1532 836 1563 :
850 1533 864 1562 u
875 1514 937 1563 odio
949 1519 1055 1565 Germa·

141 1588 205 1640 nici.
225 1599 251 1636 et
266 1605 351 1637 rerum
369 1606 493 1640 novarum
508 1590 593 1652 studio
603 1625 611 1650 ,
623 1590 743 1640 Pisonem
758 1590 849 1653 vulgus
863 1589 990 1647 militum,
1007 1607 1053 1657 per

142 1662 270 1713 licentiam
282 1674 308 1710 et
320 1664 451 1714 sociorum
466 1666 586 1730 injurias,
599 1662 631 1714 ed
645 1683 724 1731 usque
737 1664 898 1730 corrupisse,
908 1671 938 1713 ut
947 1683 1052 1732 parens

142 1735 302 1807 legionumt
316 1736 456 1788 deterrimis
466 1737 635 1810 appellaretur
645 1725 653 1789 :⁸
663 1740 754 1787 contri
761 1775 770 1801 ‚
784 1739 810 1786 iu
823 1739 948 1803 optimum
959 1755 1054 1809 qpem·

141 1828 191 1877 que
201 1847 206 1864 ,
215 1810 321 1859 maximis
331 1812 357 1860 iu
367 1814 474 1876 comites
484 1823 510 1861 et
519 1813 614 1861 amicos
624 1811 782 1869 Germanici,
794 1812 891 1860 sevisse
903 1830 908 1860 ε
919 1811 1051 1877 postremd
1065 1855 1076 1864 ,

141 1887 226 1953 ipsum
235 1884 449 1950 devotionibuset
461 1888 556 1939 veneni
570 1889 723 1954 peremisset
737 1903 807 1935 sacra
818 1885 877 1935 hinc
891 1896 916 1933 et
929 1886 1053 1954 immola-

142 1963 225 2030 tiones
238 1957 359 2011 nefandas
373 1963 452 2027 ipsius
461 1976 536 2030 atque
548 1965 672 2013 Plancius
685 1962 809 2027 :petitam
824 1961 901 2012 armis
909 1961 1053 2030 rempubli-

144 2051 215 2098 cam3
227 2047 304 2099 utque
315 2053 375 2084 reus
385 2039 425 2099 atti
436 2051 532 2104 posset,
542 2040 595 2086 acie
605 2038 701 2086 victum
709 2051 735 2082 u.

173 2108 246 2160 XIV.
261 2108 379 2160 Defensio
394 2107 525 2160 in'eeteris
540 2109 680 2176 trepidavit
695 2125 701 2157 ε
719 2119 875 2174 μιηηοῳιο
887 2106 1052 2157 ambitionem

142 2182 284 2232 militarem
293 2220 300 2236 ,
309 2189 391 2245 neque
400 2186 558 2247 provinciam
568 2185 678 2249 pessimo
687 2182 777 2246 cuique
788 2181 937 2238 obnoxiam,
949 2198 981 2230 ne
992 2198 1057 2231 cou-¹

146 2254 264 2301 tumelias
272 2254 377 2314 quidem
386 2252 521 2302 adversum
533 2256 716 2319 imperatorem
729 2254 833 2302 inficiari
842 2266 942 2320 poterat
953 2272 960 2304 t
970 2258 1054 2305 solum

144 2324 236 2372 veneni
243 2324 340 2372 crimen
351 2326 420 2372 risus
427 2335 464 2374 eat
473 2324 575 2374 diluisse
584 2346 592 2390 3
601 2325 669 2389 quod
678 2343 708 2374 ue
717 2340 873 2386 accusatores
880 2327 981 2391 quidem
991 2331 1054 2379 satis

132 2393 290 2453 ‘firmabann
304 2412 320 2443 (t
329 2397 355 2445 in
368 2398 489 2448 convivio
502 2399 646 2448 Germanici
657 2436 664 2458 ,
677 2415 755 2464 quum
769 2417 842 2466 super
853 2415 910 2448 eum
921 2400 985 2448 Piso
997 2399 1054 2450 dis-

142 2471 289 2528 cumberet,
304 2470 411 2522 inlectos
424 2473 541 2528 manibus
553 2473 607 2537 eius
618 2474 712 2524 cihoau
728 2488 859 2542 arguentes
876 2493 883 2523 z
899 2476 992 2542 quippe
1004 2476 1054 2525 ab·

141 2545 249 2599 surdum
260 2543 395 2595 videbatur
407 2584 415 2608 ,
428 2547 495 2597 iuter
504 2545 586 2597 aliena
594 2550 712 2605 servitia,
729 2561 755 2601 et
765 2562 803 2600 tot
817 2549 969 2598 adstantium
979 2551 1053 2610 risu,

144 2623 199 2691 ipso
216 2622 370 2676 Germanico
382 2640 482 2682 coram,
499 2623 526 2672 itl
539 2640 629 2672 ausum
641 2641 646 2673 :
658 2623 825 2690 offerebatque
842 2626 965 2676 lentitiam
980 2642 1052 2685 reus,

141 2709 169 2749 et
178 2697 309 2748 ministros
319 2702 345 2750 in
354 2691 479 2752 tormenta
488 2700 625 2767 flagitabat.
633 2701 683 2751 ted
691 2702 787 2766 judices
797 2719 843 2768 per
853 2703 954 2752 diversa
965 2702 1054 2769 imple·

142 2772 237 2822 cabiles
252 2788 325 2825 erant
344 2796 349 2826 z
368 2779 467 2839 Caesar,
484 2778 518 2830 ob
534 2779 630 2827 bellurn
648 2778 782 2844 provinciae
803 2779 921 2843 illatum3
936 2790 1054 2837 senatus,

36 2851 40 2858 ”
102 2889 108 2901 ,
141 2840 271 2911 nunquam
280 2850 1056 2915 ntiscredito,siussraudeGermanicuminteritsse:scrip-
1108 2853 1115 2868 ³

105 2964 110 2970 ,
143 2919 240 2971 sissent
255 2922 466 2985 expostulantes,
485 2925 553 2984 quod
574 2925 641 2976 lrsnrl
660 2921 745 2975 minus
762 2922 880 2972 Tiberius
897 2921 975 2985 quiim
992 2922 1054 2972 Piso

143 2992 263 3050 sbnuere.
271 2992 351 3038 Simul
361 2993 450 3059 pupuli
457 2998 618 3045 antecuriaru
629 3014 702 3046 voces
711 2994 892 3060 audiebantur3
904 3012 977 3044 onon
986 3007 1053 3045 tem·

143 3072 273 3131 pereturos
285 3062 417 3127 titanibus,
431 3066 451 3113 si
464 3074 714 3131 patrumsenteutias
728 3069 848 3119 erasisset
858 3086 872 3116 u
888 3088 895 3116 ε
908 3069 1054 3135 effigiesque

141 3135 241 3188 Pisonis
257 3143 386 3187 traxerant
401 3138 427 3186 in
450 3136 605 3200 Gemonias,
622 3141 962 3205 aederellebaut‚rri'1ussu
977 3145 1053 3208 prin·

142 3210 206 3273 cipis
221 3219 341 3273 protecte
358 3213 524 3276 repositisque
540 3211 634 3264 forent.
652 3215 734 3281 Igitur
749 3219 849 3270 inditus
866 3217 979 3275 lectica,
994 3228 1021 3265 et
1037 3215 1052 3265 's

140 3280 244 3329 tribuno
253 3283 373 3347 pretorie
382 3284 493 3333 cohortis
502 3285 626 3338 ‹leduetus
635 3301 674 3340 est
685 3309 691 3340 :
704 3295 777 3345 cario
787 3309 905 3354 rumore,
915 3304 999 3346 cutwt
1007 3308 1046 3354 ἢν

101 3415 104 3420 μ
140 3354 214 3419 latis,
226 3370 260 3404 aa
274 3356 364 3414 mortis
376 3369 478 3414 exactor
488 3371 643 3423 sequeretur.
