2234 3817
331 195 572 238 neronianus
593 200 660 238 crs.
682 203 739 241 ιη’
941 190 992 246 ici

75 297 106 338 et
124 292 230 352 penates
240 280 329 331 uxoris
345 279 465 348 perisset?
483 281 522 332 Ita
540 283 655 355 privato,
674 296 701 332 et
718 299 821 333 ornnem
833 284 991 354 principatus

71 361 191 429 speciem
206 361 310 419 vitanti,
331 360 498 410 convenisses
513 359 603 410 contri
617 361 752 413 Vitellium
768 361 795 411 in
809 363 946 428 palatium.
965 366 993 417 in

74 435 161 501 ipsam
172 431 271 498 imperii
283 449 367 481 arcem
382 447 533 498 regressum·
545 431 609 480 Inde
621 445 745 484 armatum
754 450 844 499 agmen
854 436 992 503 emissum3

76 519 189 558 stratam
198 507 372 557 innoeentium
383 505 492 554 caedibus
501 504 693 556 celeberrimam
702 508 771 557 urbis
778 520 892 574 partem:
903 527 934 558 ne
942 512 994 562 Ca·

78 575 175 649 pitolio
186 577 290 643 quidem
302 577 431 630 abstineri.
443 578 574 646 Togatuns
582 596 676 646 nempe
685 597 725 640 se,
738 594 764 631 et
774 599 854 631 aruum
864 582 879 630 ὲ
888 595 992 634 senato-

11 712 13 715 ,
78 656 168 712 ribus,
186 653 248 704 dum
264 654 332 705 inte'r
348 655 533 722 Vespasianum
548 672 577 704 ac
592 646 728 719 Vitellium
742 659 834 722 preliis
847 659 991 724 legionum,

80 729 281 796 captivitatibus
298 728 607 811 urbiquditionibns
616 729 762 780 cohortium
775 731 908 796 judicatur.
920 735 992 799 lam,

80 803 215 868 Hispaniis
230 803 441 867 Germaniisque,
456 814 482 853 et
496 802 641 865 brissonii,
657 804 871 865 desciscentibus,
887 805 993 858 fratrem

83 878 236 948 Vespasiani
246 876 367 927 mansisse
375 878 401 926 in
408 876 467 937 fide,
476 876 556 926 donec
566 878 672 929 nitroad
681 878 841 929 conditiones
848 895 992 933 vocaretur.

83 950 177 1002 Pacem
196 962 223 1000 et
238 949 400 999 concordiam
418 951 491 1002 rictis
507 952 597 1014 utilia3
613 952 754 1002 victoribus
772 951 872 1002 tantirm
886 955 993 1020 pulchra

85 1040 150 1077 esse.
161 1026 187 1076 Si
198 1026 521 1093 consentionispoenitea13
531 1042 584 1076 non
594 1043 634 1091 se,
644 1025 834 1093 qnem'perlidii
845 1027 992 1094 deceperit,

81 1098 150 1149 ferro
166 1111 277 1167 peteret3
295 1115 348 1148 non
364 1098 444 1149 stium
458 1098 622 1167 Vespasiani,
640 1101 683 1150 vix
701 1101 833 1167 puberem.
845 1100 992 1164 Quantum,

85 1176 175 1223 occisis
184 1190 238 1225 uno
246 1189 321 1233 sene,
332 1185 359 1222 et
371 1190 422 1224 uno
430 1174 521 1239 iuvene
529 1213 539 1237 ,
546 1174 657 1242 profici?
668 1176 716 1224 iret
726 1177 828 1225 obviam
837 1175 995 1243 legionibus,

86 1259 115 1298 ct
121 1245 152 1297 de
163 1245 264 1296 summi
273 1263 358 1297 rerum
368 1247 420 1296 illic
428 1258 535 1297 certaret
545 1265 551 1295 ι
560 1242 645 1298 cetera
652 1248 792 1298 secundum
801 1260 921 1298 eventum
929 1268 997 1318 prse-
1024 1276 1027 1279 ·

86 1320 117 1371 lii
137 1335 267 1371 cessuras.
286 1320 413 1388 Trepidus
432 1320 465 1370 ad
482 1321 534 1370 hec
550 1321 689 1381 Vitellius,
709 1338 789 1388 pauca
808 1321 933 1388 purgandi
951 1325 993 1377 sui

88 1392 163 1443 causi
169 1393 307 1460 respondit,
314 1411 333 1444 ⁴u
339 1396 365 1443 in
374 1395 503 1446 militem»
513 1395 654 1465 conferens,
661 1415 675 1446 s
682 1396 753 1463 cujas
761 1397 844 1446 nimio
853 1396 940 1447 ardori
949 1402 995 1450 im·

88 1484 174 1538 parem
188 1485 243 1521 esse
258 1469 410 1521 modestiam
421 1486 492 1520 suam
501 1467 531 1524 si
543 1469 576 1520 Et
588 1472 689 1522 monuit
706 1472 868 1529 Martialem,
884 1488 898 1521 s
910 1485 939 1522 ut
948 1491 996 1542 per·

61 1597 66 1600 ,
88 1556 209 1595 secretam
222 1544 313 1594 aedium
325 1555 423 1610 partem
437 1543 535 1595 occulte
545 1546 642 1609 abiret,
653 1563 685 1594 ne
697 1545 711 1594 i
723 1546 849 1595 militibus
858 1546 996 1598 internun-

88 1619 141 1668 tius
151 1617 237 1668 invise
249 1616 510 1686 pacisinterficeretur
521 1635 546 1668 s.
560 1616 619 1684 lpse
631 1633 712 1682 neque
720 1617 840 1683 jubendi,
853 1634 935 1682 neque
947 1636 995 1670 ve·

11 1692 13 1707 '
88 1690 158 1755 tandi
169 1704 272 1758 potens,
285 1706 337 1739 non
349 1684 400 1755 jain
410 1691 562 1758 imperator,
577 1689 622 1740 sed
637 1690 735 1741 tantiam
745 1693 807 1741 belli
817 1707 892 1740 causa
902 1703 969 1745 eras.
985 1746 989 1757 x

11 1764 14 1824 ῗ
118 1768 214 1823 LXXI.
231 1766 345 1819 Vixdum
358 1782 470 1833 regresso
479 1767 506 1816 in
516 1768 674 1833 Capitolium
687 1768 815 1825 Martiale,
827 1766 912 1815 surena
922 1768 996 1818 miles

13 1836 14 1839 ¹
88 1839 189 1899 ederat,
201 1841 273 1892 nullo
282 1839 355 1891 ¹(luce
369 1857 374 1886 z
388 1840 437 1887 sibi
455 1839 561 1901 quisque
574 1849 682 1886 auctor:
693 1841 744 1888 cito
760 1840 859 1903 agmine
874 1840 958 1889 lorum
969 1852 996 1893 et

87 1913 248 1964 imminentia
257 1914 313 1963 loro
324 1910 419 1979 templa
428 1909 595 1977 praetervecti,
607 1910 705 1978 erigunt
718 1912 797 1959 aciem
806 1927 851 1976 per
859 1911 997 1964 adversum

11 2004 12 2007 ¹
89 1987 185 2035 collem
194 2021 200 2042 ,
210 2002 285 2053 usqne
295 1985 327 2039 ad
336 1986 431 2053 primae
440 1982 589 2050 Capitolinas
600 1982 665 2030 arcis
679 1982 756 2032 fores.
768 1982 846 2031 Erant
856 1984 997 2050 antiquitis

89 2061 205 2127 porticus
216 2061 241 2109 in
250 2062 329 2110 latere
339 2059 413 2118 clivi,
428 2056 521 2106 dextre
540 2055 708 2106 subeuntibus
720 2074 726 2105 ι
739 2054 767 2104 in
778 2072 884 2122 quarum
900 2069 997 2109 tectum

90 2133 203 2200 egressi,
215 2134 279 2183 saxis
293 2134 433 2200 tegulisque
447 2129 600 2182 Vitellianos
614 2129 765 2179 obruebant.
777 2130 864 2194 Neque
876 2130 928 2180 illis
940 2148 998 2195 ma·

86 2220 151 2263 ωε,
166 2205 214 2255 nisi
223 2206 314 2273 gladiis
323 2217 424 2264 armatae
434 2225 441 2267 3
452 2214 478 2253 et
486 2219 613 2253 arcessere
624 2214 759 2264 tormenta,
770 2215 813 2252 sut
826 2204 931 2255 missilia
940 2205 1001 2266 tela,

89 2276 197 2343 longum
208 2279 350 2331 ridebatur.
361 2279 438 2329 Faces
446 2279 473 2328 in
484 2278 673 2344 prominentem
682 2279 810 2345 porticum
819 2277 911 2342 iecere3
924 2289 951 2327 et
959 2295 1001 2327 se·

90 2344 233 2416 quebantur
246 2353 329 2419 ignem
340 2371 346 2402 :
359 2352 536 2416 ambustasque
553 2351 672 2418 Capitolii
689 2350 755 2401 sores
768 2363 957 2419 penetrassent,
971 2351 1000 2401 ni

74 2424 199 2485 ,bobinus
209 2428 322 2477 revulsas
333 2424 445 2490 undiquc
456 2436 563 2490 statuas,
576 2425 668 2475 decors
678 2426 812 2491 majorum,
820 2426 846 2474 in
857 2427 912 2493 ipso
920 2428 990 2478 aditu
994 2452 1004 2489 ,

89 2499 145 2549 vice
157 2502 241 2560 muri,
254 2501 397 2565 objecisset.
413 2498 480 2548 Tum
495 2497 610 2549 diuersos
627 2500 748 2566 Capitolii
761 2497 845 2549 aditus
862 2500 1001 2564 invadunt,

89 2569 160 2636 juxta
171 2574 261 2623 lucum
271 2575 348 2639 asyli,
358 2585 384 2622 et
393 2571 442 2637 qui
451 2570 560 2638 Tarpeia
571 2589 647 2638 rupes
660 2586 763 2622 centum
776 2571 894 2637 gradibus
906 2573 1001 2626 aditur.

92 2644 239 2709 Improvisa
250 2657 354 2710 utraque
365 2645 419 2713 sis3
433 2646 536 2711 propior
549 2654 625 2707 atque
636 2644 718 2692 acrior
731 2659 776 2707 per
788 2643 887 2707 asylum
897 2644 1003 2708 ingrue-

91 2716 140 2766 bat
153 2733 159 2766 ι
170 2732 219 2765 nec
235 2717 290 2767 sisti
299 2730 417 2784 poterant
431 2715 579 2766 scandentes
592 2732 637 2781 per
655 2715 789 2779 conjuncta
802 2710 919 2775 edificia,
933 2732 1003 2782 qnae,

90 2801 124 2838 nt
144 2791 168 2839 in
187 2788 268 2842 multi
286 2809 366 2860 pace,
387 2794 418 2845 in
429 2793 509 2841 altum
527 2789 606 2848 edita,
626 2789 709 2840 solum
725 2789 843 2855 Capitolii
860 2792 1001 2854 aequabant.

88 2862 407 2936 Hicsmbigitur,aignem
415 2869 487 2918 tectis
496 2877 682 2933 oppugnatores
691 2863 1006 2930 injecerintmnobsessio,

90 2956 149 3004 qua
158 2943 270 2992 crebrior
280 2942 346 2992 lssna
356 2955 403 3004 est,
414 2960 429 2992 u
441 2940 491 3008 qud
501 2943 611 2990 nitentes
620 2934 803 3008 acprog'ressoa
816 2937 1004 3004 depellerentu-
1049 2953 1054 2956 ’

17 3051 21 3059 .
92 3013 160 3062 Inde
171 3014 332 3083 lapsusignis
345 3017 371 3069 iu
381 3017 494 3083 porticus
502 3014 648 3083 [appositas
658 3015 752 3064 aedibus
763 3030 769 3062 r
780 3013 1004 3066 mux‘sustinentes
1077 3012 1080 3018 ‘

95 3086 228 3153 fastigium
238 3091 336 3155 aquila,
346 3102 432 3142 vetere
444 3090 523 3155 liguo,
535 3099 663 3138 traxerunt
678 3083 815 3142 flammam,
827 3085 1005 3151 alueruntque·

96 3160 140 3209 Sic
152 3160 306 3226 Capitolium
315 3199 323 3222 ,
331 3163 424 3213 clausis
437 3160 549 3220 loribus,
562 3158 722 3213 indefensum
730 3172 756 3211 et
765 3158 934 3225 indireptum,
944 3174 1008 3207 cou-

76 3233 237 3358 ssassiiiil.
254 3308 286 3359 td
295 3309 394 3361 facinus
404 3319 462 3376 post
479 3306 609 3358 conditam
628 3307 717 3356 urbem
728 3304 944 3356 luctuosissimum
958 3301 1006 3351 loe·

94 3375 283 3446 dissimumque
302 3383 446 3450 reipublice
463 3381 552 3449 populi
566 3378 676 3430 Romani
691 3380 783 3429 accidit
796 3397 803 3427 ε
815 3374 886 3447 nullo
904 3385 1007 3423 externo

89 3448 169 3503 boste
176 3489 183 3516 ,
196 3455 317 3527 propitiis
327 3493 335 3520 ,
344 3457 421 3528 siper
432 3469 516 3508 mores
526 3463 630 3517 nostros
640 3453 746 3514 liceret,
757 3450 827 3509 deis,
840 3444 925 3500 sedem
939 3444 1009 3525 Josis
