2234 3817
103 128 151 181 106
337 144 339 149 ⁴
368 130 372 135 ·
419 106 694 189 connumeres

104 220 195 286 editis,
212 216 361 284 annalibus,
375 218 528 285 laudatoque
539 220 577 271 ld.
587 221 682 282 bruto,
696 218 726 268 (l.
741 216 856 268 Cassium
869 223 1025 278 Romano:

105 297 297 351 tumultimam
307 294 441 344 dixisset».
448 294 611 345 Accumbunt
622 294 719 343 Satrius
728 291 862 357 secundus,
867 304 894 343 et
899 295 1022 352 Pinarius

103 368 197 430 Natta,
210 369 292 433 Seiani
309 360 429 417 clientei:
444 367 471 416 id
480 367 647 433 perniciabile
662 383 720 432 reo,
733 378 758 415 et
770 367 852 415 Cesar
863 369 929 417 truci
942 371 1019 421 vultu

104 441 277 493 defensionem
289 440 431 506 accipiens:
446 455 523 504 quam
537 440 682 489 Cremutius
689 479 697 500 ,
713 438 950 504 relinquendaeritae
959 459 1019 493 cer·

104 527 162 576 tuo,
181 519 208 566 iu
225 517 293 566 bunc
308 516 412 566 modum
426 531 531 565 exorsus
550 528 610 564 est:
630 515 738 577 «Verba
751 531 821 575 mea,
840 526 925 581 patrea
948 533 1019 567 cou-

108 592 209 656 scripti,
221 601 376 657 arguuntur:
390 589 453 638 adeo
464 586 592 639 factorum
604 590 725 638 innocens
740 604 805 637 sum.
819 587 868 637 Sed
875 605 957 653 neque
965 589 1020 641 bec

106 664 133 712 in
146 665 300 729 principem,
313 674 356 711 aut
370 662 492 728 principis
503 673 638 728 parentem
649 696 657 719 ‚
670 677 733 725 quos
750 660 792 708 lex
806 659 947 725 majestatie
961 679 1022 713 am-

105 735 227 802 plectitur
233 753 239 785 :
250 738 357 786 Brutum
365 748 392 785 et
401 735 513 784 Cassium
524 734 666 784 liudeviss'e
675 734 757 783 dicor:
767 750 876 799 quorum
884 747 1018 802 resgestea

106 825 186 872 quum
195 809 299 876 plurimi
308 809 509 875 composuerint,
516 824 593 857 nemu
603 810 658 856 sine
666 806 762 856 bonore
770 809 1019 863 memorarit.Titus

106 883 195 933 Livius
210 886 359 950 eloquentiae
371 901 399 932 ac
418 883 480 932 lidei
495 885 628 950 preclarus
640 885 665 932 iu
682 882 784 948 primis,
803 882 851 930 Cu.
865 881 1020 948 Pompeium

107 950 389 1020 teutislaudibus'tulit,
400 968 430 1005 ut
440 955 637 1027 Pompeianum
646 971 707 1004 eum
716 955 847 1021 Augustus
857 957 997 1022 appelleret
1010 977 1017 1009 ε

105 1049 188 1097 neque
200 1033 227 1081 id
238 1036 354 1083 amicitie
362 1049 451 1082 eorum
463 1030 556 1081 offecit.
566 1028 726 1098 Scipionem,
739 1030 891 1092 Afranium,
902 1031 970 1081 hunc
978 1035 1018 1100 ip·

106 1122 164 1154 sum
176 1107 305 1164 Cassium,
317 1107 385 1155 bunc
393 1108 517 1167 Brutum,
529 1122 655 1170 nmquam
668 1105 790 1157 latrones
801 1115 829 1156 et
838 1106 1017 1175 parricidae,

106 1197 163 1246 quae
176 1195 244 1233 nuuc
253 1178 377 1228 vocabula
389 1181 569 1245 imponuntur,
582 1178 644 1246 sepi
652 1189 683 1226 ut
694 1178 801 1244 insignis
810 1180 878 1228 viros
889 1180 1018 1232 nominat.

106 1253 317 1304 AsiuliPollionis
326 1253 420 1319 scripta
427 1289 435 1314 ,
442 1253 569 1323 egregiam
579 1251 727 1302 eorumdem
737 1253 887 1305 memoriam
903 1254 1019 1307 tradunt.

105 1328 230 1381 Messalla
247 1328 373 1378 Corvinus
388 1328 569 1393 imperatorem
580 1343 654 1376 suum
671 1327 785 1377 Cassium
802 1325 978 1392 predicabat:
997 1341 1024 1380 et
1083 1375 1088 1379 .

108 1413 216 1465 uterque
227 1401 368 1467 opibusque
382 1411 457 1463 atque
468 1397 608 1449 bonoribus
619 1399 776 1466 pervigudre.
790 1400 874 1449 Marci
887 1400 1021 1453 Ciceronis

107 1472 188 1532 libro,
202 1490 254 1539 quo
267 1474 392 1523 Catonem
409 1472 473 1522 coelo
491 1473 617 1538 equavit,
630 1472 692 1538 quid
704 1471 773 1520 aliud
791 1471 903 1523 dictator
918 1475 1018 1537 Cesar,

103 1546 182 1613 quim
189 1547 311 1612 rescripti
320 1548 451 1606 oratione,
463 1548 533 1596 velut
545 1547 613 1612 apud
625 1546 735 1610 judices,
747 1545 901 1611 respondit?
911 1548 1018 1600 Antonii

102 1621 219 1687 epistole
227 1656 233 1679 ,
241 1620 315 1670 Bruti
324 1619 473 1679 conciones,
486 1619 548 1668 falsa
559 1619 696 1684 quidemin
704 1619 849 1683 Augustum
858 1622 959 1688 probra,
970 1624 1016 1673 sed

104 1694 186 1749 multi
192 1712 255 1746 cum
266 1694 403 1744 acerbitate
410 1694 520 1745 babent:
531 1696 642 1743 carmina
652 1695 765 1744 Bibaculi
773 1707 799 1745 et
806 1697 899 1746 Catulli
906 1734 913 1755 ,
921 1697 1014 1747 referta
1025 1736 1028 1741 <

44 1816 51 1821 ,
105 1770 268 1819 contumeliis
275 1769 401 1817 Oaesarum
410 1769 528 1834 leguntur
542 1785 548 1816 t
564 1768 609 1816 sed
620 1769 675 1834 ipss
685 1767 761 1820 dirus
769 1768 850 1819 Julius
859 1805 866 1829 ,
875 1770 926 1835 ipse
936 1769 1014 1820 divus

104 1842 251 1909 Augustus,
268 1850 293 1890 et
304 1842 386 1891 tulere
397 1842 460 1903 ista,
472 1848 498 1889 et
510 1841 634 1906 reliquere
644 1862 653 1905 ·,
665 1841 734 1891 baud
744 1842 943 1902 testudinum,
953 1857 1015 1891 mo·

105 1916 236 1968 deratione
247 1918 328 1982 magis
340 1933 372 1965 an
381 1914 502 1983 sapientid
514 1931 640 1981 :namque
652 1915 905 1985 spreta‘exolescuut:
916 1919 939 1967 si
948 1919 1016 1967 iras·

104 1998 180 2052 tare,
191 1990 431 2058 adgniterideutur.
864 1978 879 2001 '¹

144 2066 257 2118 XXXV.
272 2066 350 2114 »Non
367 2064 465 2129 attingo
484 2063 721 2129 Grecos,quomm
739 2077 792 2116 nnn
804 2065 882 2116 modii
896 2065 1017 2126 libertas,

103 2139 185 2188 etiem
202 2139 283 2188 libido
302 2139 445 2203 impunitas
459 2147 519 2196 aut,
536 2137 624 2201 siquis
635 2136 761 2197 advertit,
777 2136 853 2189 dictis
865 2137 933 2188 dicta
945 2138 1017 2187 ultus

104 2218 154 2264 'est
161 2215 210 2265 Sed
218 2213 324 2262 maximi
333 2214 458 2270 solutum,
467 2223 494 2259 et
502 2212 555 2260 sine
563 2212 731 2266 obtrectatore
742 2208 806 2273 luti,
817 2210 928 2276 prodere
935 2209 967 2260 de
974 2210 1016 2277 iis,

105 2292 170 2353 quos
182 2303 251 2335 mors
262 2285 323 2334 odio
332 2297 376 2335 eut
386 2287 469 2352 gratiae
480 2287 625 2336 exemisset.
635 2285 702 2334 Num
712 2300 770 2333 cum
779 2287 884 2333 armatis
895 2286 981 2334 Cassio
988 2296 1016 2336 et

104 2359 198 2422 Bruto,
209 2375 238 2408 ac
249 2359 425 2427 Philippenses
435 2375 540 2426 campos
551 2359 739 2420 obtinentibus,
753 2357 813 2407 belli
825 2359 910 2406 civilis
921 2358 1015 2417 causi,

103 2434 230 2500 populum
241 2450 286 2500 per
300 2432 434 2484 concion'es
448 2432 577 2486 incendo?
588 2451 621 2484 en
634 2433 671 2483 illi
684 2431 786 2496 quidem
795 2430 1012 2496 septuagesimum

104 2514 164 2559 bute
177 2524 270 2558 annum
280 2510 417 2576 perempti,
427 2524 478 2574 quo
487 2506 720 2574 modoimsgiuibus
730 2505 781 2553 suis
789 2513 939 2560 noscuntur,
946 2517 1012 2566 quas

45 2575 48 2581 ’
83 2576 86 2585 ’
104 2586 139 2630 ire
151 2583 232 2632 riotor
243 2581 346 2649 quidem
359 2584 484 2645 abotevit,
499 2585 534 2632 sic
549 2595 647 2651 partem
655 2579 783 2629 memorie
793 2574 863 2644 apud
873 2577 1014 2642 scriptores

106 2654 320 2712 retinentibuum
331 2659 422 2724 cuique
434 2656 657 2724 decusposteritas
664 2651 796 2720 rependit:
807 2666 855 2701 nee
867 2648 1032 2727 deerunt,s'1x

105 2732 235 2783 damnatio
252 2732 360 2797 ingruit,
376 2734 419 2799 qui
432 2749 482 2782 non
496 2732 574 2783 modo
586 2729 667 2781 Cassii
679 2740 706 2779 et
716 2727 803 2786 Bruti,
815 2724 860 2773 sed
872 2724 948 2772 etiam
962 2721 1017 2773 mei

102 2806 297 2857 meminerint».
314 2807 436 2869 Egressus
453 2796 512 2855 dein
523 2816 628 2864 senatu,
644 2807 724 2854 vitam
739 2797 893 2850 abstinentiis
907 2796 1014 2845 linivit:

103 2878 185 2929 libros
196 2894 242 2944 per
255 2875 338 2941 erliles
349 2876 498 2925 cremandos
510 2878 630 2931 censuere
639 2889 742 2945 pstres3
756 2875 800 2923 sed
814 2880 960 2922 manserunt
969 2883 1016 2916 oc-

104 2953 204 3008 cultati,
218 2948 326 2998 crediti.
338 2948 396 3013 Qud
407 2949 487 3013 iungis
498 2952 639 3001 socordiam
651 2966 741 2999 eorum
757 2944 950 3002 irridentium,
967 2941 1015 3004 qui

59 3046 62 3049 ·
102 3023 219 3094 presenti
228 3018 342 3084 potentii
352 3020 592 3087 ereduntexstingui
600 3040 674 3090 posse
681 3024 759 3074 etiarn
767 3019 895 3085 sequentis
902 3016 946 3063 eri
956 3027 1014 3061 me·

102 3099 221 3147 moriem·
234 3092 301 3144 Nam
314 3096 417 3158 contris,
431 3096 525 3161 punitis
536 3098 659 3161 ingeniis,
670 3089 757 3162 gliscit
766 3093 903 3144 auctoritas
913 3107 919 3137 :
930 3098 1015 3153 neque

101 3169 172 3220 alind
182 3168 279 3218 externi
289 3183 360 3234 reges
369 3207 377 3233 ,
386 3180 432 3219 aut
441 3170 484 3233 qui
496 3168 585 3219 eidem
596 3172 694 3222 serint
706 3172 747 3219 usi
757 3180 832 3228 sunt,
845 3164 894 3215 nisi
903 3161 1019 3213 dedecus

102 3245 165 3304 sibi,
177 3256 250 3307 atque
259 3242 311 3290 illis
320 3244 429 3307 gloriam
440 3247 569 3311 peperere.
925 3301 931 3315 ἰ

130 3316 262 3368 xxxvl.
281 3315 401 3366 Ceterum
412 3317 572 3384 postulandis
583 3318 633 3366 reis
643 3328 698 3367 tam
709 3318 847 3369 continuus
854 3324 936 3360 annus
948 3307 999 3358 fuit
1006 3344 1020 3370 ,

95 3389 262 3443 'mseriarum
273 3388 421 3443 Latinarum
433 3391 539 3456 diebus,
552 3389 699 3457 prefectum
709 3391 780 3445 ustis
789 3389 915 3449 Dimum,
927 3382 1017 3451 ⁸¹¹⁵Pfi·
1033 3406 1036 3413 ’
