2234 3817
120 102 167 158 aso
429 115 455 152 e.
474 115 570 157 coar.
590 113 705 156 recres

117 196 230 250 Rubellii
236 193 339 252 Blandi,
348 190 419 260 cujus
428 211 517 259 avum,
529 196 672 260 Tiburtem,
682 200 795 264 equitem
803 202 962 269 Romanurn,
972 213 1035 278 pta.

118 269 1035 340 riquememinerantExtremoannimorsAEliibamiaelunereoensorio

119 344 259 407 celebrate,
273 341 316 407 qui
332 340 534 392 administranda
547 345 626 412 Syrie
640 348 750 411 imagine
763 351 865 402 tandem
876 358 1033 412 exsolutus,

119 422 177 473 urbi
187 416 317 485 prefuerat
327 433 334 464 r
345 430 423 480 genus
435 416 473 464 illi
484 416 622 482 decorum
632 418 718 468 vivida
726 437 842 475 senectus
851 442 859 492 3
869 438 895 476 et
903 445 953 479 non
962 446 1031 495 per.

120 494 197 545 missa
206 486 335 557 provincia
346 486 673 553 dignationemaddidsnt.
689 493 771 555 Exin,
780 496 1029 568 FlaccoPomponIo

122 568 196 637 Syrie
210 573 365 632 propraetore
379 561 515 626 defuncto,
529 563 667 617 recitantur
683 569 787 621 Cetaria
798 573 902 634 littera,
914 578 971 640 quis
984 580 1029 629 in·

119 648 223 700 cusabat
239 645 392 711 «egregium
405 658 546 709 quemque,
559 657 585 694 et
595 647 713 712 regendis
726 651 878 702 exercitibus
889 651 1027 719 idoneum,

119 722 230 772 abnuere
246 718 272 769 id
286 734 379 767 munus
395 735 401 765 ε
415 732 492 781 seque
506 715 537 765 ei
547 719 733 771 necessitudine
745 722 777 770 ad
788 739 877 787 preces
887 722 960 793 cogi,
978 744 1033 793 pers

99 810 179 861 *quas
192 791 364 844 consularium
372 792 457 854 ¹aliqui
465 806 595 855 capessere
607 794 752 858 provincias
759 794 943 861 adigerentur»
956 801 1027 850 obli-

116 879 158 917 tus
167 865 318 917 Arruntium
325 901 331 922 .
339 879 371 913 ne
378 864 526 929 Hispaniam
538 875 664 930 pergeret,
672 864 798 916 decimum
805 866 856 934 jam
862 873 1027 922 annumatti·

117 940 180 990 ucri.
199 934 270 988 Obiit
281 936 371 987 eodem
387 945 491 984 annuet
507 935 543 984 Μ.
559 935 686 1002 Lepidus,
702 939 733 987 de
745 939 815 1004 euius
831 943 1023 1008 moderatione,

113 1025 189 1078 atque
199 1012 337 1079 sapientia,
348 1011 376 1059 in
386 1009 513 1076 prioribus
522 1009 595 1059 libris
605 1012 668 1061 satis
679 1014 777 1063 colloca
782 1017 808 1064 vi
818 1032 825 1061 ε
837 1032 918 1080 neque
936 1020 1020 1067 nobi-

115 1088 175 1135 litas
184 1085 279 1135 diutius
289 1080 483 1134 demonstranda
492 1088 530 1129 est
538 1099 544 1129 ε
553 1084 648 1150 quippe
657 1085 789 1135 AEmilium
797 1102 874 1152 genus
882 1087 1021 1138 fecundum

114 1159 241 1208 bonorum
253 1160 360 1216 civium,
373 1168 399 1206 et
409 1156 453 1220 qui
463 1154 552 1207 eidem
562 1157 659 1209 familiai
668 1162 796 1227 corruptis
805 1161 931 1229 moribus,
942 1163 1022 1214 illus·

112 1232 147 1282 tri
158 1243 244 1281 tamen
254 1229 355 1282 fortuni
368 1229 449 1295 egere.
624 1290 629 1295 ᾖ

145 1306 268 1355 XXVIII.
275 1303 453 1365 PauloFabio,
463 1302 494 1353 L.
500 1304 609 1356 Vitellio
620 1323 686 1357 coss.
694 1319 752 1374 post
758 1311 865 1375 longum
873 1310 1021 1359 seculorum

113 1379 250 1438 ambitum,
262 1379 315 1428 aris
325 1376 428 1443 phoenix
440 1382 466 1426 in
474 1379 612 1444 AEgyptuna
624 1382 705 1446 venit,
717 1385 875 1447 praebuitque
885 1381 1020 1432 materiem

113 1452 268 1502 doctissimis
276 1450 466 1515 indigenarum,
477 1451 674 1512 etssraecornm,
683 1456 763 1504 multa
773 1471 888 1521 supereo
897 1456 1020 1515 miraculo

78 1589 85 1597 .
113 1523 252 1574 disserendi
264 1541 270 1572 z
282 1521 415 1587 dequibus
426 1536 584 1588 congruunt,
599 1538 625 1576 et
636 1528 709 1592 plura
719 1529 849 1594 ambigua,
858 1527 902 1577 sed
914 1530 1026 1594 cognitu

112 1614 165 1651 non
178 1596 300 1656 absurda,
316 1610 433 1661 promere
447 1595 520 1644 libet.
538 1597 644 1649 Sacrum
658 1602 711 1649 Soli
726 1600 752 1652 id
767 1603 874 1661 animal,
890 1614 915 1651 et
931 1616 1017 1648 oreae

112 1671 231 1722 distinctu
249 1668 385 1735 pinnarum
400 1667 415 1716 d
429 1669 520 1716 ceteris
531 1671 621 1721 avibus
636 1672 778 1733 diversum,
788 1674 957 1732 consentiunt,
968 1671 1014 1737 qui

111 1744 219 1796 formam
241 1745 294 1808 ejus
309 1740 436 1795 definiere.
452 1742 495 1806 'De
510 1758 619 1793 numero
635 1764 757 1797 annorum
773 1749 839 1797 varia
858 1746 1011 1795 traduntur:

109 1816 218 1870 maxime
229 1817 360 1883 vulgatum
368 1855 374 1874 ‚
383 1818 580 1883 quingentorum
589 1823 699 1885 spatium
711 1840 717 1870 z
730 1831 786 1871 sunt
795 1821 837 1885 qui
847 1819 1014 1883 adseverent,

109 1891 181 1944 mille
196 1889 391 1957 quadringentos
403 1894 530 1957 sexaginta
548 1910 627 1942 unum
641 1896 763 1962 interjiciq
775 1894 924 1961 prioresque
940 1895 1017 1944 alites

108 1964 246 2017 Sesostride
254 1964 378 2032 primirm,
388 1963 446 2032 pdst
453 1964 572 2016 Amaside
580 1968 783 2032 dominantibus,
794 1969 853 2018 dein
862 1968 1015 2027 Ptolemaeo,

109 2041 153 2107 qui
166 2057 196 2090 er
207 2039 390 2091 Macedonibus
399 2041 486 2091 tertius
499 2044 626 2107 regnarit,
636 2045 663 2093 in
674 2045 815 2107 civitatem,
825 2044 866 2093 cui
874 2042 1016 2109 Heliopolis
1026 2052 1029 2057 ’

111 2133 213 2174 nomen,
223 2115 388 2175 advolavisse,
395 2118 476 2166 multo
487 2130 628 2166 ceterarum
639 2120 774 2168 volucrum
781 2120 913 2174 comitatu,
922 2131 1015 2166 novam

110 2189 199 2240 faciem
210 2189 365 2238 mirantium.
379 2189 427 2237 Sed
439 2192 576 2255 antiquitas
593 2184 698 2255 quidem
713 2194 837 2242 obscura:
851 2193 915 2241 inter
927 2189 1016 2239 Ptole-

110 2280 199 2312 maeum
207 2260 369 2310 acTiberiurn
375 2258 939 2330 mindsducentiquinqusgintaannilueruut:
946 2263 1014 2314 unde

110 2332 323 2385 nonnullifalsum
332 2333 400 2384 bunc
405 2337 555 2403 phoenicem,
566 2336 784 2401 nequeAraburni
793 2338 864 2385 terris
869 2336 1010 2394 credidere,
1018 2374 1021 2377 Α

110 2407 223 2471 nihilque
234 2409 390 2473 usurpavisse
410 2408 503 2473 erbis,
520 2427 575 2475 qnae
588 2421 660 2458 vetus
671 2408 794 2458 memoria
805 2408 915 2456 firmarit
927 2424 933 2453 z
945 2422 1010 2456 con·

108 2481 175 2535 fecto
190 2483 282 2548 quippe
298 2498 423 2533 annorum
441 2501 564 2541 numero,
581 2485 625 2532 ubi
639 2499 707 2530 mors
727 2484 896 2550 propinquet,
913 2482 1010 2531 suisio

108 2558 181 2607 terris
187 2567 282 2606 struere
288 2555 463 2624 nidum.eique
471 2562 522 2609 vim
530 2560 664 2625 genitalem
672 2555 820 2621 adfundere,
828 2574 859 2606 ex
864 2557 914 2622 qui
921 2556 1010 2607 lotum

104 2630 180 2680 oriri:
189 2643 214 2680 et
221 2630 329 2703 primam
338 2629 423 2681 adulto
432 2650 519 2682 curam
528 2630 665 2699 sepeliendi
673 2632 752 2697 patris
761 2652 768 2694 3
780 2648 861 2696 neque
869 2631 895 2679 id
901 2632 993 2680 temere
1001 2669 1009 2693 ,

106 2703 151 2755 sed
158 2704 258 2752 sublato
266 2704 373 2753 murrbae
382 2706 507 2771 pondere,
519 2717 666 2769 tentatoque
675 2705 833 2770 perlongum
844 2704 901 2769 iter,
912 2704 956 2753 ubi
966 2721 1011 2770 par

106 2777 192 2834 oneri,
206 2791 251 2841 par
264 2780 359 2826 meatui
372 2781 418 2838 ait,
434 2781 520 2828 subire
532 2780 645 2846 patrium
657 2795 765 2845 corpur,
776 2780 852 2842 inque
866 2778 930 2826 Solis
941 2792 1010 2827 aram

105 2849 228 2916 perlerre,
242 2860 317 2912 atque
329 2849 439 2900 adolere.
452 2850 511 2898 Haec
523 2854 619 2900 incerta
632 2865 658 2899 et
670 2851 788 2913 sabulosis
797 2861 879 2897 aucta.
889 2847 1010 2897 Ceterum

106 2921 202 2986 adspIci
211 2920 347 2984 aliquando
357 2925 382 2970 in
392 2925 499 2986 AEgypto
510 2939 566 2973 earn
579 2928 722 2984 volucrem,
735 2939 786 2972 non
796 2921 940 2986 ambigitur.

134 2992 240 3040 XXIX.
249 2994 374 3043 Atllornae
385 2993 449 3042 caede
456 2996 586 3052 continui.
599 2999 752 3064 Pomponius
760 2996 854 3059 Labeo,
864 3010 939 3058 quern
946 3009 1011 3059 prae·

102 3062 180 3113 luisse
189 3062 281 3113 Moesiae
291 3068 380 3128 retuli,
390 3083 435 3133 per
445 3067 565 3136 abruptas
574 3084 652 3120 venas
660 3071 807 3137 sanguinem
817 3067 905 3117 effudit
913 3086 921 3134 3
930 3085 1010 3117 amu·

102 3131 202 3200 latique
211 3149 249 3185 est
256 3139 455 3203 conjurPaxoa:
466 3157 526 3189 nam
535 3155 668 3206 promptas
678 3142 805 3205 eiusmodi
813 3153 916 3204 mortes,
927 3154 1010 3190 metus

101 3210 226 3258 carnificis
240 3207 347 3258 iaciebat
360 3228 365 3257 z
379 3223 406 3259 et
420 3212 477 3275 quia
490 3213 617 3270 damuati,
629 3216 766 3279 publicatis
781 3217 855 3267 bonis
863 3249 871 3274 ,
883 3215 1009 3281 sepulturi

102 3278 313 3341 prohibebantur-3
324 3297 412 3330 eorum
419 3287 463 3344 qui
471 3283 502 3331 de
509 3300 534 3331 se
543 3286 698 3350 statuebant,
709 3290 1008 3353 humabanturcorpora.

101 3349 236 3417 manebant
249 3359 410 3418 tentamenta,
426 3355 537 3427 pretium
549 3351 697 3412 festinandi.
709 3362 759 3413 Sed
771 3364 869 3429 casas,
881 3362 964 3414 missis
977 3360 1010 3411 td

495 3588 513 3617 Χ
