2234 3817
124 141 175 195 44⁸
439 163 462 200 s·
487 152 584 198 corn.
600 154 715 195 rscrrr
749 120 753 128 ’

126 239 192 299 nari,
199 248 273 304 etque
279 234 330 288 illis
337 239 498 303 instantibus,
507 239 585 289 modb'
591 230 684 287 famam
691 235 811 286 vanitatis
817 246 935 287 metuere
943 249 952 303 '3
961 236 1029 289 modis

127 311 302 362 obsecratione
320 314 451 379 ipsorum,
466 326 491 362 et
511 315 616 363 vocibus
630 311 791 369 adulantium
804 313 831 360 in
847 326 922 378 spem
935 313 1028 366 induci:

124 367 256 450 podtretnd
266 386 404 434 existimari
416 386 429 433 l
439 386 544 434 medicis
554 386 640 451 iubet,
652 401 683 434 en
691 385 750 436 talis
758 386 858 434 cecitas
868 402 899 434 ac
912 385 1030 443 debilitas,
1060 420 1061 427 η

126 474 174 525 ope
186 459 294 508 humand
308 461 462 525 superabiles
479 459 574 510 forent.
589 458 685 508 Medici
702 459 769 508 varie
784 458 930 508 disserere:
946 478 961 508 (t
970 460 1028 508 Huic

123 547 177 583 non
187 549 286 595 exesam
296 533 350 581 vim
360 533 464 584 luminis
473 569 480 596 ,
491 547 517 583 et
526 534 682 594 redituram,
692 534 715 581 si
729 534 890 599 pellerentur
899 533 1027 587 obstantis:

124 604 163 653 illi
174 606 273 671 elapsos
281 608 307 654 in
317 622 425 673 pravum
436 619 520 666 artus,
530 608 552 655 ai
564 608 675 656 salubris
684 608 722 654 ris
737 606 893 655 adhibeatur
901 622 985 672 ,posse
993 607 1029 654 in·

123 681 223 743 tegrari,
239 681 270 729 ld
284 680 391 731 fortasse
405 680 475 731 cordi
496 681 565 745 deis,
582 693 608 730 et
625 680 711 731 divino
728 681 878 730 ministerio
895 679 1029 746 principem

122 752 246 803 electum:
264 754 374 819 denique
393 757 486 820 patrati
502 755 611 804 remedii
625 755 730 822 gloriam
749 770 828 820 penes
841 756 978 816 Caesarem
990 755 1027 800 ir-

122 826 167 875 riti
178 828 318 878 ludibrium
333 845 410 897 penes
427 830 533 878 miseros
554 829 640 887 fore».
659 828 739 892 Igitur
752 827 928 894 Vespasianus
944 832 1029 875 cancta

122 897 229 955 fortunae
238 918 288 951 sua
299 914 385 968 patere
399 914 546 963 1·atus,nec
560 901 699 966 quidquam
714 899 780 950 ultrd
796 901 964 961 incredibile,
978 901 1029 948 leto

123 974 177 1039 ipsc
195 977 284 1036 uultu,
303 976 386 1025 erectd
402 994 457 1043 quse
475 976 591 1026 adstabat
607 974 770 1024 multitudine
782 1010 789 1033 ,
799 973 868 1038 jussa
880 974 1028 1038 exsequiarr.

122 1046 214 1098 Statim
226 1066 346 1099 conuersa
363 1049 395 1119 ad
410 1066 485 1099 usum
498 1065 603 1114 manus,
616 1066 646 1098 ac
662 1064 729 1098 caeco
744 1047 837 1097 reluxit
846 1048 913 1097 dies.
927 1048 1026 1095 Utrum·

58 1168 60 1171 ,
121 1137 184 1185 que,
195 1125 240 1191 qui
254 1124 405 1184 interfuere,
420 1141 489 1174 nunc
500 1140 601 1189 quoque
612 1133 756 1175 memorant
766 1158 772 1182 ‚
785 1133 926 1189 postquam
937 1119 1028 1169 nullum

122 1197 256 1246 mendacio
267 1200 390 1264 pretium.
657 1228 660 1231 ,

145 1267 285 1319 uxxxtl.
303 1270 386 1319 Altior
403 1268 461 1318 inde
471 1270 631 1336 Vespasiano
648 1271 741 1338 cupido
757 1270 870 1321 adeundi
883 1272 1032 1320 sacramet-

124 1345 198 1405 dem,
211 1356 239 1393 ut
254 1359 329 1409 super
339 1345 418 1414 rebus
426 1345 527 1411 imperii
538 1345 691 1393 consuleret.
710 1363 725 1394 a
735 1346 823 1396 Arcesi
839 1343 939 1408 templo
952 1352 1029 1387 cunc-

122 1431 162 1473 tos
170 1437 185 1467 u
203 1417 273 1482 jubet
282 1435 288 1464 :
298 1428 374 1482 atque
387 1418 529 1481 ingressus,
539 1419 701 1482 intentusque
718 1420 832 1478 numiui,
842 1415 959 1481 respexit
967 1425 1029 1478 pons

120 1504 219 1557 tergum
228 1490 242 1539 ὲ
250 1491 587 1558 primoribusAEgyptiorum
599 1492 700 1541 nomine
709 1491 851 1545 Basiliden
861 1515 871 1553 ‚·
884 1503 962 1552 quem
973 1494 1030 1551 pm*

120 1565 163 1614 cul
173 1560 445 1630 Alexandril'plurium
459 1565 558 1613 dierum
568 1566 675 1625 itinere,
686 1576 712 1614 et
721 1582 786 1629 agro
797 1577 906 1629 corpore
917 1559 1025 1607 detineri

118 1637 188 1692 haud
196 1637 335 1703 ignorabat.
347 1637 523 1687 Percunctatnr‘·
531 1636 689 1688 sacerdotes,
699 1654 766 1685 num
774 1637 825 1686 illo
835 1638 879 1686 die
887 1630 1027 1697 Basilides

121 1711 251 1782 scriplum
262 1714 353 1762 inisset
360 1707 377 1757 ?
384 1713 558 1770 percunctatur
566 1701 668 1761 obvios,
679 1709 793 1752 nnumin
802 1708 866 1752 urbe
876 1696 1027 1752 visnseitu?

113 1776 244 1849 denique,
257 1783 339 1833 missia
348 1778 490 1844 equitibus,
502 1775 632 1839 explorat,
642 1774 687 1823 ilio
697 1778 820 1840 temporis
831 1785 967 1824 momento
978 1787 1029 1820 oc·

119 1860 218 1923 toginta
235 1857 348 1906 millibus
366 1868 484 1919 passuum
500 1850 618 1898 abluisse.
636 1847 709 1897 Tunc
727 1847 839 1897 divinam
855 1848 987 1914 speciem,
1004 1851 1028 1892 et

120 1932 174 1982 rim
186 1930 300 1995 responsi
310 1945 342 1975 ex
352 1927 454 1975 nomine
464 1922 614 1980 Basilidis,
625 1921 803 1987 interpretatus
814 1932 861 1970 est.
902 1986 906 1992 ι

152 2000 297 2055 L'XXXIll.
315 2001 393 2064 Origo
413 1998 454 2047 dei
470 1995 586 2046 nondum
606 1995 699 2044 nostris
718 1996 863 2043 auctoribus
879 1991 1021 2041 celebrata:

97 2064 106 2071 ¹
120 2076 301 2143 AEgyptiorum
315 2075 441 2121 antistites
456 2073 492 2121 sic
506 2075 666 2119 memorant:
679 2067 913 2132 «Ptolemeoregi,
926 2061 1023 2127 quidlb

119 2150 247 2199 ccdonum
259 2149 357 2213 primus
366 2146 469 2214 AEgypti
481 2161 543 2211 opes
555 2144 680 2207 firmarit,
689 2137 770 2207 quani
775 2140 934 2192 Alexandria
942 2133 1021 2185 recem

118 2223 225 2285 conditae
240 2221 343 2276 moenia,
360 2220 520 2283 templaque,
536 2229 562 2266 et
572 2218 708 2282 religiones
721 2215 841 2272 adderet,
858 2213 1019 2271 oblatumptt

118 2298 230 2361 quietern
243 2290 332 2338 decore
342 2292 450 2348 eximio,
460 2304 485 2340 et
496 2291 591 2354 majore
600 2289 675 2354 quim
687 2289 799 2349 humani
808 2291 893 2355 speeie
902 2286 1018 2360 iuventfflr

119 2370 282 2433 quimoneret
289 2378 304 2408 u
313 2396 320 2419 ,
331 2374 360 2410 ut
369 2361 501 2420 fidissimis
509 2362 652 2409 amicorum
662 2363 687 2409 in
694 2360 806 2410 Pontum
817 2361 916 2417 missis,
925 2355 1016 2416 effisfflss

118 2424 191 2493 suain
202 2436 290 2486 acciret
306 2452 312 2480 :
326 2435 416 2481 latum¹
431 2433 458 2480 id
476 2448 568 2496 reguo,
581 2447 751 2503 magpamque
763 2444 789 2480 et
807 2434 931 2499 inclytam
940 2422 1016 2473 reden

118 2515 172 2565 sore
183 2550 189 2570 ,
199 2507 415 2576 que‘escepisset:
429 2522 443 2554 a
455 2505 532 2553 simul
546 2506 631 2552 vnum
640 2505 760 2555 eumdem
771 2507 893 2568 juvenem
904 2506 927 2551 in
936 2495 1014 2546 colum

119 2591 177 2655 igne
192 2586 304 2653 plurimo
319 2581 402 2633 attolli
413 2595 436 2628 s.
456 2575 620 2636 Ptolemaeus,
633 2580 720 2625 omine
737 2588 764 2629 et
778 2579 904 2629 miraculo
918 2571 1013 2622 excitus,

119 2661 290 2712 cacerdotibus
303 2656 495 2722 AEgyptiorum,
507 2651 599 2716 quibus
608 2666 665 2698 mos
676 2651 740 2698 talia
749 2650 908 2714 intelligere,
919 2650 1014 2718 noctur‘

119 2752 168 2783 nos
179 2735 247 2785 visus
260 2733 348 2798 aperit.
364 2727 448 2792 Atque
460 2726 510 2775 illis
525 2723 599 2777 Ponti
616 2733 643 2770 et
653 2735 817 2772 externorum
828 2735 914 2785 parom
924 2721 1012 2779 gnarus

119 2806 283 2858 Timotheum
294 2802 475 2855 Atheniensem
486 2835 492 2856 ,
502 2797 514 2845 ὲ
523 2807 598 2862 gente
606 2795 831 2860 Eumolpidarum,
841 2808 926 2856 quesn,
938 2797 966 2832 ut
974 2795 1013 2829 an·

124 2882 232 2929 tistitem
243 2877 452 2934 cerimoniarum,
462 2873 579 2921 Eleusine
589 2870 723 2927 exciverat,
734 2886 749 2916 n
757 2866 1010 2941 quenamiliasqurf·

121 2955 199 3013 titio,
217 2952 286 3016 quod
304 2947 442 3009 uomens?
462 2950 608 3009 interrogat.
629 2942 790 3003 Timotheus,
801 2937 917 3009 *quaesitis
933 2947 972 2995 qtss
989 2940 1010 2972 ¹⁰

120 3026 231 3075 Pontum
243 3035 377 3072 meassent
386 3054 398 3081 ,x
410 3020 551 3086 cognoscit,
563 3018 662 3066 urbem
671 3017 724 3066 illic
741 3019 863 3081 Sinopen,
872 3014 921 3059 'nec
933 2993 1010 3071 procul

122 3096 248 3162 templum
257 3133 263 3156 ‚
274 3108 359 3144 vetere
368 3096 433 3143 inter
443 3095 540 3142 accolas
550 3091 630 3153 fami,
641 3091 655 3138 J
656 3093 711 3139 ovis
720 3090 792 3140 Ditis.
801 3090 913 3150 Namque
922 3090 947 3128 at
956 3086 1006 3123 mtt‘

121 3171 228 3219 liebrem
246 3168 351 3231 effigiem
366 3167 500 3226 adsistere,
513 3163 588 3228 qu'arn
604 3163 718 3228 plerique
729 3163 903 3226 Proserpinam
920 3151 1006 3232 romb

118 3239 170 3295 ,Sed
178 3239 328 3293 Ptolemaeus
338 3273 346 3294 ,
357 3250 385 3286 ut
399 3248 459 3284 sunt
475 3237 574 3301 ingenia
586 3251 690 3298 regum,
702 3251 795 3301 pronus
805 3232 838 3281 aal
850 3224 1004 3279 formidinem,

121 3315 166 3365 ubi
177 3311 296 3361 securitas
303 3311 566 3376 redum-uoluptatum
577 3308 653 3371 qudm
668 3304 818 3375 religionum
829 3313 955 3372 appetens,
965 3300 1004 3335 Μ’

120 3383 214 3447 aliger-e
221 3381 353 3449 paulatim,
359 3385 468 3451 aliasque
479 3383 510 3437 ad
520 3398 593 3432 curas
601 3383 716 3434 animum
725 3395 835 3437 vertere:
844 3381 921 3430 donec
928 3362 1002 3419 udan

985 3610 993 3643 l
