2234 3817
140 164 190 214 242
336 172 338 176 ·
433 172 486 208 xc.
503 157 732 214 conmotam

61 261 65 266 ‘
113 296 115 298 ,
143 270 213 310 mou
227 273 257 305 aa
270 269 388 322 prospera
398 251 491 317 lorea3
507 268 583 319 super
596 253 624 301 ed
636 254 794 319 proiectione
807 253 868 306 adiit
880 258 1054 324 Capitolium.

143 332 200 382 lllio
215 340 347 379 veneratus
366 325 443 384 droa,
459 342 539 389 quum
557 326 641 375 Vesta
652 345 751 392 quoque
760 330 998 399 templuminisset5
1012 348 1057 380 re-

144 403 220 470 peat'e
230 411 334 449 cunctos
345 414 390 463 per
403 407 471 445 artus
482 408 610 456 tremens,
622 414 664 446 seu
675 401 778 449 numine
788 412 944 460 exterrente,
957 421 1002 453 seu
1015 402 1057 458 fa·

145 479 260 526 cioorum
274 470 448 521 re'cordatione
461 488 591 535 nunquam
605 474 698 521 timore
713 491 819 537 vacuus,
838 475 947 526 deseruit
962 479 1059 543 incep-

145 562 217 611 tum,
232 556 356 595 «cunctas
364 544 414 591 sibi
424 560 497 592 curas
508 560 596 593 amore
606 547 690 609 patriae
700 547 828 600 leviores»
840 549 968 600 dictitans.
983 545 1058 601 «Vi-

119 639 125 647 ·
145 628 210 676 disse
221 624 315 671 civium
332 631 434 668 moestos
450 620 547 678 vultus,
564 619 651 670 audire
666 633 774 670 secretas
787 618 970 688 querimonias,
982 623 1059 689 qubd

144 710 243 752 tantum
256 694 370 744 aditurus
380 694 515 754 essetiter,
526 694 598 757 cujus
610 711 642 743 ne
652 694 767 748 modicos
779 697 880 761 quidem
888 715 1004 764 egressus
1016 711 1059 748 to·

143 770 339 827 laurentiani
347 768 479 818 adversum
486 766 592 816 fortuita
599 765 846 835 adspectuprincipis
853 772 1057 838 reloverilirgo,

144 859 175 900 nt
183 850 209 895 in
221 844 327 912 privatis
340 838 571 890 necessitudinibus
581 843 695 906 proxima
705 842 811 907 pignora
827 846 1006 907 praevalerent,
1018 848 1057 894 ita

87 958 89 962 Α
133 921 269 990 ‘populum
285 916 493 966 Romanumrim
509 914 643 979 plurimam
654 914 747 965 babere
757 918 974 984 pparendumque
987 920 1057 968 reti-

145 997 248 1048 nentia.
257 993 397 1055 Haecatque
407 989 467 1038 talia
473 988 542 1055 plebi
551 988 661 1036 volentia
671 987 749 1050 luere,
756 990 917 1055 voluptatum
925 991 1056 1057 cupidine,

147 1084 183 1134 et,
192 1086 245 1134 quae
254 1064 377 1132 praecipua
387 1078 446 1110 cura
456 1072 508 1121 est,
524 1061 561 1109 rei
569 1060 739 1110 frumentariae
753 1066 893 1128 angustias,
908 1068 929 1115 ai
939 1058 1055 1124 abesset,

90 1158 95 1165 ·
145 1142 278 1196 metuenti.
293 1139 400 1185 Senatus
410 1146 435 1183 et
446 1135 571 1206 primores
582 1133 607 1181 in
618 1136 715 1184 incerto
728 1150 811 1190 erant,
824 1140 912 1201 procul
921 1156 952 1187 an
966 1138 1056 1188 corint

146 1210 416 1267 atrociorbabereturt
433 1205 535 1270 debinc,
546 1193 600 1271 qud
614 1219 702 1257 natura
712 1210 808 1274 magnis
818 1211 967 1274 timoribus,
979 1210 1056 1262 date-

147 1290 202 1341 riua
213 1285 359 1344 credebant,
369 1280 438 1346 quod
448 1292 575 1330 evenerat.
621 1285 623 1290 '
903 1283 905 1286 '

180 1359 326 1411 XXXVII.
340 1356 398 1421 lpse
411 1353 460 1419 qud
480 1353 556 1402 fidem
573 1345 814 1419 adquireret,'nihil
830 1372 935 1423 utquam
948 1358 1057 1423 perinde

144 1435 233 1483 lartum
245 1433 307 1491 sibi,
324 1429 432 1496 publicis
446 1426 509 1475 locis
528 1438 626 1475 struere
642 1430 773 1486 convivia,
793 1428 895 1493 totique
909 1433 971 1480 urbe
983 1431 1059 1495 quasi

95 1507 98 1512 ¹
147 1508 225 1557 domo
236 1506 284 1551 uti.
295 1502 505 1551 Etceleberrimae
519 1501 580 1548 luxu
592 1499 710 1564 famdque
724 1501 803 1564 epula
821 1502 888 1552 fuere
898 1542 905 1566 ,
915 1523 976 1569 quas
985 1504 999 1552 l
1008 1506 1058 1553 Ti-

147 1581 239 1648 gellino
248 1586 360 1641 paratas,
372 1585 401 1621 ut
412 1576 555 1636 exemplum
566 1573 672 1621 reseram
686 1610 693 1637 ,
707 1590 737 1621 nc
752 1573 843 1637 rapitis
859 1577 947 1626 eadem
962 1579 1059 1644 prodi·

147 1652 230 1721 gentis
237 1644 360 1697 narranda
369 1644 410 1691 ait.
420 1644 499 1705 Igitur
508 1642 534 1694 in
544 1654 634 1705 stagno
642 1644 762 1707 Agrippae
771 1643 911 1697 fabricatus
920 1664 1059 1712 carratam,

146 1730 188 1780 cni
200 1720 384 1791 superpositum
400 1714 544 1764 contirium
554 1716 662 1765 aliarum
672 1728 754 1765 tractu
768 1720 874 1768 navium
889 1738 1059 1776 moveretur-s

147 1816 225 1854 nares
240 1813 301 1847 auro
317 1805 343 1842 et
355 1794 430 1841 ebore
447 1789 586 1839 distinctae:
598 1793 756 1857 remigesque
767 1793 861 1842 exoleti
873 1811 919 1859 per
932 1809 1019 1845 aetatea
1031 1814 1062 1850 et

148 1877 278 1929 scientiam
289 1870 427 1921 libidinum
435 1868 654 1933 componebantur
665 1886 671 1916 :
686 1869 801 1917 volucres
809 1881 836 1917 et
846 1868 911 1918 leros
923 1871 1062 1926 dirersis&

149 1950 234 2008 terris,
246 1960 272 1997 et
287 1944 406 1994 animalia
416 1945 495 1990 maris
503 1941 606 1990 Oceano
618 1942 729 2006 abusque
739 1942 876 2008 petiverat:
887 1945 1061 2010 crepidinibus

146 2027 233 2091 stagni
242 2019 371 2089 lupanaria
385 2014 528 2071 adstabant,
541 2014 682 2063 illustribus
694 2014 794 2064 leminis
804 2016 931 2081 completa
943 2035 949 2064 :
960 2030 986 2067 et
995 2034 1061 2068 con·

151 2099 191 2149 trit
209 2110 290 2147 scorta
306 2093 467 2153 visebantur,
485 2087 738 2154 andiacorporibua:
757 2088 806 2151 iam
824 2100 909 2154 gestus
925 2104 1060 2153 motusque

152 2172 256 2223 obsceni
266 2188 274 2234 3
287 2180 329 2219 et.
341 2177 474 2230 postquam
486 2163 596 2210 tenebra
614 2160 781 2220 incedebant,
793 2175 916 2226 quantum
930 2163 999 2226 juxti
1009 2165 1059 2212 ιιι-’-

152 2243 246 2295 moria,
258 2249 285 2286 et
300 2236 460 2296 circumjecta
474 2244 555 2291 tecta,
571 2248 708 2281 consonare
718 2246 808 2288 cantu,
825 2245 852 2281 et
863 2233 1001 2284 luminibus
1009 2237 1062 2283 cla·

149 2321 259 2366 nescere.
272 2308 328 2373 lpse
338 2305 462 2369 perlinita
472 2314 547 2365 atque
558 2304 647 2352 illicita
656 2304 772 2361 foedatus,
784 2304 847 2353 nillil
857 2306 946 2369 flagitii
955 2310 1062 2373 relique·

152 2376 420 2449 rat‚qubcor1uptior
431 2386 530 2439 ageret,
543 2376 593 2423 nisi
605 2393 700 2442 paucos
709 2390 765 2441 post
775 2377 827 2425 dies
840 2379 884 2425 uni
897 2396 928 2427 ex
943 2381 987 2429 illo
995 2398 1061 2431 con-

153 2458 333 2509 taminatorum
343 2465 434 2515 grege,
445 2447 485 2495 cui
496 2464 590 2496 nomen
602 2447 778 2519 Pythagoraa
789 2449 851 2510 suit,
866 2452 892 2499 in
904 2453 1010 2503 modum
1018 2470 1060 2504 so-

153 2532 278 2588 lemnium
297 2524 473 2589 coniugiorum
492 2519 659 2586 denupsisaet.
679 2521 793 2572 luditum
817 2526 965 2590 imperatori
986 2529 1061 2577 flam·

86 2646 106 2663 ..
154 2614 240 2658 meum
253 2621 258 2653 ι
273 2603 319 2651 risi
329 2599 455 2663 auspices,
468 2594 529 2652 dos,
540 2607 566 2644 et
578 2597 683 2662 genialis
694 2608 784 2662 torua,
801 2609 827 2648 et
839 2599 905 2649 laces
919 2602 1058 2665 nuptiales:

156 2692 247 2731 cuncta
257 2676 365 2739 denique
375 2681 485 2738 spectata
494 2706 502 2733 ,
511 2686 565 2733 quae
577 2673 653 2727 etiam
664 2670 690 2719 iu
700 2670 794 2720 l'eminl
805 2688 857 2720 nox
869 2675 962 2737 operit.
1038 2671 1041 2672 ⁷

191 2745 341 2804 XXXVlll.
354 2746 472 2810 Sequitur
480 2742 575 2799 clades,
587 2739 664 2800 torte,
679 2759 710 2791 an
722 2743 783 2792 dolo
792 2746 914 2810 principis
923 2746 1058 2794 incertum:

153 2841 216 2878 narn
225 2836 362 2886 utrumque
374 2833 490 2868 stratores
498 2817 634 2883 prodiddte
646 2835 652 2865 :
665 2816 710 2866 sed
722 2820 854 2879 omnibus,
867 2836 921 2883 quaa
933 2819 991 2867 huic
1005 2820 1062 2869 urbi

151 2914 204 2963 per
212 2895 359 2944 violentiam
369 2892 465 2953 ignium
474 2890 628 2944 acciderunt,
640 2891 741 2954 gravior
749 2904 822 2954 atque
831 2890 948 2944 atrocior,
959 2889 1063 2941 Initium

158 2970 186 3018 io
199 2968 227 3015 ei
240 2972 310 3030 parte
319 2964 384 3012 circi
398 2974 482 3010 ortum
492 3000 499 3020 ,
509 2982 563 3027 quae
572 2966 687 3013 Palatino
697 2965 822 3027 Calioque
835 2963 966 3011 montibus
978 2968 1064 3015 conti.

158 3055 206 3104 gua
223 3046 268 3084 eat.
281 3035 331 3082 Ubi
341 3048 387 3098 pet·
402 3032 534 3091 tabernas,
548 3036 641 3099 quibua
656 3036 683 3084 id
699 3034 891 3085 mercimonium
901 3035 996 3096 inerat,
1010 3047 1063 3102 quo

158 3113 260 3160 tlamma
270 3108 356 3176 alitur,
367 3106 443 3153 simul
453 3119 548 3171 orqtus
557 3110 621 3173 ignis
631 3144 638 3166 ,
652 3121 676 3158 et
687 3110 772 3157 atatim
781 3107 892 3164 validus,
902 3120 1015 3158 scranto
1026 3111 1061 3158 ci·

159 3195 210 3240 tur,
221 3178 405 3245 longitudinem
416 3180 481 3227 Circi
492 3181 615 3244 corripuit
626 3200 631 3229 :
645 3199 727 3247 neque
738 3185 806 3230 enim
817 3181 907 3230 domus
917 3184 1062 3231 munimen-

159 3258 193 3306 tis
203 3266 289 3321 septae,
302 3254 343 3299 vel
354 3254 447 3317 templa
462 3255 540 3302 muris
551 3256 631 3303 cincta
644 3293 649 3311 ,
662 3270 705 3305 aut
716 3257 778 3322 qnid
791 3256 861 3305 aliud
875 3274 950 3306 morae
960 3257 1060 3320 interja-

160 3330 243 3377 cebat.
252 3328 350 3390 inipetu
363 3338 525 3389 pervagatum
538 3326 700 3393 incendium,
712 3332 785 3396 plana
795 3329 923 3395 primirm,
939 3329 1026 3378 deindo
1034 3331 1060 3380 in

161 3398 228 3455 edita
243 3397 392 3464 adsurgens,
403 3408 429 3447 et
440 3414 542 3446 rursum
551 3399 667 3454 inferiora
677 3403 839 3470 populando,
851 3400 941 3458 anteiit
954 3402 1061 3456 remedia
