2234 3817
775 55 802 84 s

115 131 166 198 abi
426 158 451 196 e.
470 158 568 197 eoas.
589 154 704 196 nactas
736 199 738 203 v

112 245 188 297 ruisti
198 263 205 293 z
217 243 301 296 odisse
310 242 387 311 caepi,
397 257 531 310 postquam
541 242 667 311 parricida
675 244 763 295 matris
775 256 802 296 et
810 245 911 312 uxoris,
922 249 1027 315 auriga,

114 332 140 370 et
147 319 250 375 histrio,
260 318 462 369 etiucendiarins
470 318 620 368 exstitisti».
632 316 690 383 Ipsa
699 319 776 368 retuli
789 322 880 379 verba,
890 324 1027 388 quianon,

114 404 144 443 ut
160 395 272 453 Seneca,
288 395 388 457 vulgata
408 406 480 441 erant
499 412 505 442 :
521 410 568 441 nec
585 391 670 441 minias
684 394 755 442 nosci
775 392 898 451 decebat,
909 398 1028 447 militaris

113 466 163 513 viri
173 482 260 513 sensus
270 467 424 531 incomptos,
442 477 468 514 et
480 465 587 534 validos.
601 464 670 513 Nihil
682 465 709 514 iu
721 465 765 514 ittt
776 466 950 532 conjuratione
962 487 1026 534 gra-

113 538 169 587 vius
181 539 282 588 auribus
295 539 401 586 Neronia
412 538 532 587 accidisse
544 538 671 598 constitit,
682 539 777 603 qui‚ut
789 537 909 589 faciendis
922 541 1029 590 sceleri·

112 612 161 661 bus
177 624 326 678 promptus,
340 613 374 660 ita
388 612 523 675 audiendi,
543 630 599 677 quac
613 612 720 673 laceret,
736 615 849 664 insolens
864 627 928 664 erat.
948 616 1026 664 Peene

112 685 192 733 Flavii
204 686 301 746 Veiano
309 685 404 750 Nigro,
414 686 519 734 tribuno
528 723 534 740 ‚
542 683 688 747 mandatur.
695 686 720 735 Is
728 683 844 753 proximo
852 689 877 735 iu
884 705 944 753 agro
953 704 1027 737 scro-

111 757 170 805 bem
184 743 259 806 effodi
269 759 354 819 iussit,
367 775 443 823 quam
455 759 573 821 Flavius,
584 766 616 810 ut
626 759 773 829 «humilem
782 774 808 810 et
819 771 971 826 augustam»
982 764 1027 812 in.

96 818 231 894 crepans,
247 832 470 881 circumstantibus
488 834 627 892 militibus,
649 850 702 882 une
716 832 765 883 hoc
781 833 906 899 quidem»
926 836 1027 902 inquit,

113 920 129 952 a
141 919 173 951 ex
191 903 324 970 disciplini
333 921 368 953 u:
387 904 582 970 admonitusque
598 905 698 956 sortiter
709 900 863 972 protendere
880 909 1004 963 cervicem
1018 926 1025 957 :

114 995 129 1027 u
142 978 246 1027 Utinam
254 995 285 1038 u,
301 980 354 1034 ait.
369 995 385 1028 a
395 990 422 1028 tu
434 991 486 1027 tam
498 978 599 1029 fortiter
613 977 688 1042 leriae
696 997 722 1032 u.
743 983 776 1031 Et
789 982 832 1029 ille
844 979 955 1039 multum
970 993 1025 1031 tre·

113 1067 198 1113 mena,
213 1071 292 1117 mrum
311 1057 354 1102 six
375 1053 475 1103 duobus
491 1054 586 1103 ictibus
603 1066 680 1119 capnt
691 1056 888 1122 amputarunt,
903 1056 1026 1104 sevitiam

113 1125 181 1191 apud
193 1129 320 1176 Neronem
330 1126 447 1190 jactavit,
457 1145 471 1174 (ι
479 1128 635 1194 sesquiplaga
646 1128 807 1180 interiectum
818 1128 831 1177 d
845 1146 871 1177 se
879 1147 894 1177 u
905 1128 1027 1177 diceudo.

143 1198 261 1250 LXVIII.
279 1201 429 1270 Proximum
450 1203 596 1250 constantiae
616 1204 761 1269 exemplum
777 1202 906 1268 Sulpicius
920 1201 1024 1267 “Aspen

112 1275 243 1334 centurio,
260 1276 389 1343 praebuit:
411 1278 590 1342 percunctanti
600 1276 710 1337 Neroni,
728 1292 795 1326 <acus
807 1277 833 1325 iu
848 1275 942 1324 eadem
953 1289 1025 1323 suam

61 1397 65 1404 ,
111 1348 352 1413 conspiravissetu?
368 1351 477 1399 breviter
489 1350 667 1416 respondeus:
689 1367 764 1401 enon
781 1351 853 1402 aliter
871 1359 910 1398 tot
925 1347 1028 1412 flagitiis

112 1420 166 1483 ejus
181 1423 310 1472 subveniri
322 1425 434 1489 potuisse
445 1442 468 1473 u.
483 1425 550 1474 Tum
560 1425 655 1489 jussam
667 1442 767 1489 poenam
783 1425 868 1472 subiit.
882 1423 935 1471 Nec
949 1419 1027 1469 ceteri

112 1499 273 1545 centuriones
286 1501 312 1545 in
322 1496 493 1561 perpetiendis
502 1498 632 1563 suppliciis
644 1495 837 1560 degeneravere.
853 1494 889 1544 At
899 1512 951 1542 nou
970 1492 1023 1541 Fe-

113 1568 159 1615 uio
170 1567 237 1616 Rulo
251 1587 295 1633 par
310 1570 424 1626 animus,
434 1569 479 1616 sed
488 1570 681 1617 lamentationes
694 1582 751 1617 suas
763 1566 839 1618 etiam
851 1569 877 1615 in
888 1578 1027 1616 testamen-

112 1651 169 1688 tum
180 1642 298 1689 contulit.
311 1640 496 1703 Opperiebatur
505 1639 592 1695 Nero,
604 1651 633 1686 nt
643 1640 767 1688 Vestinus
779 1655 880 1703 quoque
891 1640 982 1687 consul
996 1638 1027 1687 in

113 1714 207 1762 crimen
224 1713 384 1767 traheretur,
396 1710 538 1758 violentum
551 1721 578 1759 et
594 1709 718 1759 infensum
729 1722 817 1770 ratus:
833 1711 878 1759 sed
890 1727 920 1757 ex
933 1710 1024 1774 conju·

112 1786 174 1835 ratis
183 1782 287 1831 consilia
298 1799 358 1830 cum
368 1783 475 1831 Vestino
488 1783 720 1842 non‘miscuevanm
734 1781 851 1847 quidam,
867 1783 976 1828 vetustis
993 1783 1022 1830 iu

113 1870 169 1902 eum
185 1854 370 1920 simultatibus,
380 1856 483 1920 plures,
501 1859 559 1921 quia
572 1855 728 1921 precipitem
743 1866 769 1903 et
779 1853 951 1902 insociabilem
963 1867 1025 1900 cre-

98 1928 216 1978 debant.
231 1926 349 1977 l'etcat'am
370 1930 481 1979 Neronis
502 1930 590 1979 odium
609 1929 732 1978 adversus
743 1928 877 1977 Vestinum
892 1943 922 1975 ex
933 1925 1025 1974 intima

112 2002 244 2053 sodalitate
254 2017 378 2070 coeperat,
389 2004 449 2054 dum
460 2005 502 2054 laic
514 2006 639 2071 ignaviam
649 2004 770 2071 principis
782 1997 883 2069 penitius
895 1999 1024 2065 cognitam

113 2076 239 2144 despicit3
253 2079 297 2126 ille
316 2078 436 2129 ferociam
457 2080 533 2128 amici
551 2081 655 2139 metuit,
670 2094 734 2145 saepe
746 2077 839 2143 asperis
850 2073 947 2122 facetiis
957 2074 1022 2121 illu·

113 2166 155 2199 sus
168 2170 174 2199 z
187 2169 240 2215 quae
249 2152 296 2198 ubi
308 2154 418 2201 multum
428 2169 459 2200 ex
471 2170 532 2202 vero
545 2151 660 2214 traxere,
673 2167 757 2199 acrem
767 2150 806 2198 sul
819 2148 968 2197 memoriam
980 2159 1024 2194 re—

80 2225 85 2234 ’
112 2223 242 2288 linquunt.
253 2225 401 2272 Accesserat
412 2242 500 2274 recens
510 2243 584 2274 causa
594 2261 601 2284 ,
613 2222 682 2289 quod
694 2224 813 2272 Vestinus
821 2221 946 2270 Statiliam
955 2218 1026 2268 Mes·

112 2300 157 2347 sall
162 2301 228 2346 inam
238 2300 401 2347 matrimonio
410 2301 458 2347 sibi
467 2299 585 2361 junxerat
592 2334 601 2359 ‚
610 2295 678 2348 haud
690 2297 790 2346 nescius
799 2331 808 2354 ,
820 2296 886 2342 iuter
896 2292 1027 2341 adulteres

24 2415 31 2428 ,
105 2367 164 2435 'ejus
177 2383 203 2418 et
215 2372 340 2418 Caesarem
356 2386 420 2419 esse.

144 2444 237 2493 thx.
257 2443 338 2508 Igitur
356 2460 408 2493 non
427 2442 532 2492 erimine
546 2480 553 2502 ,
568 2460 621 2492 non
636 2453 782 2491 accusatore
800 2438 944 2498 existente,
964 2434 1026 2500 quis

114 2517 222 2583 speeiem
235 2516 324 2577 indicis
335 2515 439 2586 induere
451 2533 503 2564 nou
517 2527 633 2582 poterat,
648 2514 680 2563 ad
697 2516 749 2562 vim
764 2510 944 2561 dominationis
957 2523 1027 2556 con·

114 2607 218 2655 versus,
232 2590 384 2641 Gerelanum
397 2627 404 2648 ,
417 2591 548 2639 tribunum
558 2626 565 2646 ,
577 2606 636 2639 cum
645 2587 750 2637 cohorte
762 2586 876 2635 militum
886 2583 1002 2631 immittit
1016 2597 1023 2628 ι

114 2664 233 2732 jubetque
243 2684 256 2715 a
266 2668 400 2732 praevenire
410 2677 514 2714 conatus
525 2665 636 2714 consulis
643 2699 651 2726 ‚
659 2677 782 2729 occupare
793 2658 861 2708 velut
870 2673 954 2706 arcem
963 2656 1026 2718 ejus,

115 2744 259 2805 opprimere
279 2743 404 2793 delectant
421 2741 627 2807 juveututema:
646 2742 705 2806 quia
724 2737 847 2786 Vestinus
864 2733 1025 2781 imminentes

114 2812 171 2860 foco
186 2815 266 2876 aedes,
281 2815 421 2880 decoraque
430 2814 539 2863 'servitia
550 2851 555 2871 ,
570 2826 594 2862 et
608 2816 663 2879 pari
674 2821 744 2860 etate
756 2808 875 2857 habebat.
886 2808 981 2853 Cuncta
992 2818 1024 2886 ep

115 2884 158 2933 die
173 2890 258 2933 munia
270 2890 384 2936 consulis
395 2889 559 2953 implererat,
572 2886 768 2947 conviviumque
784 2878 944 2939 celebrabat,
959 2874 1025 2960 nihil

115 2969 241 3015 metuens,
254 2974 285 3005 an
297 2958 479 3006 dissimulando
490 2974 560 3007 metu
574 2978 580 3006 :
593 2973 673 3022 quum
687 2956 791 3020 ingressi
805 2951 899 2999 milites
911 2965 927 2995 a
936 2963 1021 2995 vocata

58 3081 59 3084 ,
116 3046 174 3078 eum
188 3029 201 3076 al
213 3032 335 3079 tribuno»
349 3031 445 3079 disere.
457 3030 519 3094 lile,
533 3032 596 3080 nihil
614 3032 771 3087 demoratus,
781 3022 892 3087 exsurgit
906 3039 913 3067 ι
926 3032 952 3068 et
961 3036 1023 3068 orn-

117 3103 159 3151 nia
176 3104 253 3151 simul
267 3116 447 3170 properantur:
460 3106 588 3154 clauditur
599 3105 734 3168 cubiculo;
747 3109 837 3167 presto
848 3092 1021 3158 estmedicus3

118 3174 301 3226 abscinduntur
318 3194 383 3224 veoae
397 3194 403 3223 t
419 3177 506 3241 uigens
523 3177 606 3225 adhuc
621 3177 712 3225 balneo
729 3172 849 3236 inlectu13
865 3168 944 3216 calida
959 3164 1024 3229 aqui

117 3260 255 3309 mercatum
269 3248 340 3295 nulli
357 3250 424 3297 edita
440 3266 515 3308 voce,
526 3249 574 3313 qui
594 3262 674 3298 semet
686 3253 854 3298 miseraretur.
865 3239 1024 3291 circumdati

117 3322 221 3368 interim
231 3320 360 3379 custodia,
371 3324 413 3384 qui
422 3320 497 3369 simul
507 3322 688 3372 discubuerant
696 3360 703 3382 ,
711 3338 770 3386 nec,
777 3320 828 3367 nisi
835 3313 952 3383 provecti
963 3327 1024 3360 noc-

116 3402 162 3459 te,
178 3394 264 3446 omissi
280 3406 341 3445 suat
350 3429 361 3472 ἓ
370 3408 503 3462 postquam
514 3411 635 3463 pavorem
649 3411 755 3464 eorum,
769 3412 801 3466 ⁸¹.
816 3391 902 3450 meust
917 3388 1029 3444 nillum

489 3643 503 3670 Ὶ
