2234 3817
101 120 150 175 ⁴116
350 151 354 157 -
411 128 435 171 c.
464 130 562 183 coru.
586 124 702 169 rrcrrr

101 214 253 266 vocabulum
259 209 1009 286 Speluncoe5marcAmuclanuminteanndan‘osqucttion-

101 302 150 348 tes,
160 292 246 340 nativo
256 288 287 339 in‘
293 306 369 356 specu
378 310 385 339 .-
393 291 447 354 ejus
457 307 495 346 os,
504 284 581 354 lapsis
590 285 692 351 repentis
702 288 777 344 saxis,
788 287 872 334 obruit
879 287 1007 349 quosdam

101 363 230 413 ministros
242 382 249 412 z
261 365 323 412 hine
330 376 413 421 metus¹
427 367 453 413 in
468 377 570 413 omnes,
581 373 606 424 et
615 360 672 423 luga
685 373 789 418 eorum,
802 358 843 423 qui
858 361 1021 409 concivium*

101 435 271 487 celebrabant.
283 436 387 497 Sejanus
398 450 476 501 genu,
491 434 627 495 vultuque,
639 445 664 481 et
672 433 787 481 manibus
796 449 870 498 snper
880 435 1006 482 Caesarem

101 523 251 574 suspensus,
266 507 388 574 opposuit
398 526 451 558 sese
458 505 632 555 incidentibus
642 524 648 553 :
659 518 733 569 atque
742 506 830 555 habitu
841 506 884 552 tali
890 518 1006 571 repertus

102 591 141 629 cst
152 580 165 628 ὲ
177 582 313 642 militibus,
324 578 367 645 qui
377 581 490 630 subsidio
500 591 629 630 venerant.
641 580 721 641 Major
730 594 761 626 ex
769 596 817 642 eo3
830 591 855 626 et
864 594 1008 641 quanquam

102 652 1011 715 exitiosasuaderet,ntuonsulanxius,cnnrfideaudiebatur-..Adsimu-

101 725 219 792 labatqne
230 729 323 794 judicis
334 745 418 798 partes
428 732 548 781 adversus
560 728 704 779 Germanici
714 730 816 794 stirpem
826 765 832 784 ,
843 727 954 775 subditis
965 726 1011 790 qui

101 814 275 852 accusatorum
283 807 387 854 nomina
395 807 557 864 sustinerent,
566 799 726 865 marimbque
736 804 921 849 insectarentur
926 802 1012 849 Nero·

101 889 178 934 uem,
188 878 334 940 proximum
344 880 497 929 successioni
506 914 512 935 ,
520 889 545 925 et
552 894 694 941 quanquam
702 875 817 925 modesta
825 875 940 939 juventi,
952 876 1010 938 ple·

101 961 208 1010 rumque
220 959 303 998 tamen
313 946 374 1014 qnid
385 953 411 1000 in
422 951 609 1017 praesentiarum
621 948 776 998 conduceret
785 951 907 1013 oblitum,
921 948 980 995 dum
992 945 1008 994 b
1029 958 1031 963 ·

102 1019 201 1069 libertis
213 1034 238 1069 et
249 1024 385 1072 clientibus
397 1025 533 1090 apisceudae
546 1023 663 1088 potentias
677 1024 807 1089 properis,
819 1023 1008 1080 exstimulatur,

105 1098 153 1143 ant
164 1108 274 1145 erectum
280 1099 436 1160 ¹‹etlideutem
447 1101 524 1150 animi
538 1098 695 1147 ostenderet:
709 1098 775 1145 velle
786 1097 812 1145 id
821 1097 942 1163 populum
950 1100 1009 1145 Ro·

103 1181 206 1215 martum
219 1189 224 1216 z
238 1187 330 1235 cupere
342 1175 466 1221 exercitus
478 1193 484 1222 ι
496 1189 582 1236 neque
594 1189 713 1220 ausurum
725 1170 814 1219 contr'a
824 1172 952 1235 Seianum,
963 1170 1009 1234 qui

103 1253 170 1290 nunc
182 1243 328 1306 patientium
338 1247 421 1306 senis,
434 1258 461 1293 et
473 1249 602 1311 segnitiam
615 1246 712 1309 juvenis
724 1245 793 1309 juxti
804 1246 940 1293 insultetis.

135 1315 193 1363 LX.
204 1316 262 1365 ilaec
272 1329 346 1383 atquc
356 1320 539 1368 talis'a'udieuti
548 1357 553 1379 ,
562 1320 628 1367 nibil
637 1320 742 1382 quidem
750 1324 831 1382 prorae
841 1317 1011 1382 cogitationis,

43 1410 48 1415 f
102 1384 148 1434 scd
157 1388 285 1439 interdum
295 1409 368 1440 voces
375 1388 546 1460 procedebant
553 1404 728 1448 contumaces,
738 1403 764 1438 et
773 1391 934 1452 inconsultae,
949 1405 1011 1453 quas

103 1459 212 1525 adpositi
223 1466 341 1515 custodes
352 1480 468 1533 exceptas
479 1477 613 1534 auctasque
623 1484 701 1532 quum
713 1465 835 1514 deferrent
843 1478 945 1529 ,neque
955 1466 1011 1518 Nes·

101 1534 160 1579 roni
176 1533 309 1599 defendere
328 1541 447 1605 daretur,
464 1541 569 1591 diuersas
585 1544 686 1607 insuper
703 1539 902 1589 sollicitudinum
923 1537 1012 1586 formae

103 1607 267 1659 oriebantur:
283 1630 341 1660 narn
356 1615 419 1662 alius
437 1630 571 1663 occursum
586 1615 639 1677 eius
651 1612 732 1661 vitare
745 1604 1010 1675 quidam'salutatiouc

103 1678 202 1730 redditi
214 1686 296 1734 statim
308 1687 389 1737 averti
402 1707 407 1736 :
418 1689 531 1753 plerique
541 1688 832 1755 incoeptrrm‘sermouem
842 1684 988 1747 abrumpere
998 1702 1006 1748 ς
1032 1712 1041 1735 ι

103 1754 275 1817 insistentibus
287 1758 373 1808 contri
384 1761 612 1825 irridentibusque,
624 1764 666 1826 qui
677 1760 766 1820 Seiano
777 1757 884 1806 fautores
893 1754 1006 1806 aderant.

102 1825 239 1899 Enimvero
249 1832 366 1882 Tiberius
376 1846 477 1895 torvus,
488 1847 532 1883 aut
541 1834 632 1883 salsum
642 1833 762 1883 renidens
770 1831 853 1894 rultn5
865 1844 908 1876 scu
917 1828 1009 1891 loque·

102 1914 190 1960 retur,
204 1921 248 1954 seu
262 1919 357 1956 taceret
370 1909 469 1982 juvenis
479 1946 485 1969 ,
497 1910 593 1958 crimen
606 1927 637 1958 ex
648 1910 766 1969 silentio,
777 1922 807 1954 ex
821 1918 882 1953 cccc
895 1920 901 1951 ι
914 1919 947 1953 ue
958 1919 1014 1953 uox
1053 1896 1055 1905 ’

105 1977 207 2040 quidem
219 1997 315 2046 secura,
325 2000 402 2047 quum
411 2000 477 2032 uxor·
487 1984 595 2050 vigilias,
605 2000 718 2048 somnos,
729 1980 835 2048 suspiria
842 1977 917 2029 matri
924 1976 1014 2036 Livize,

104 2060 178 2116 atque
186 2051 227 2102 r'lla
237 2055 325 2122 Sejano
335 2058 486 2125 patefaceret
496 2077 501 2106 :
514 2059 556 2124 qui
565 2059 669 2108 fratrem
679 2074 780 2123 quoque
787 2055 896 2105 Neronis
904 2051 1012 2100 Drusum
1026 2064 1039 2084 ‘

74 2128 78 2133 ’
107 2127 218 2177 traxitin
228 2144 324 2195 partes,
336 2149 378 2196 spe
387 2131 484 2196 obiecti
495 2134 615 2199 principis
625 2136 688 2198 loci,
699 2131 719 2180 si
729 2133 842 2198 priorem
850 2139 919 2176 atate
930 2139 955 2174 et
963 2123 1013 2186 iarn

103 2192 256 2249 labefactum
270 2204 434 2254 demovisset.
448 2208 526 2252 Atrox
539 2206 617 2256 Drusi
628 2206 756 2275 ingenium
765 2239 774 2263 „
784 2218 859 2266 snper
868 2200 1014 2265 cupidinem

103 2274 220 2333 potentiss
231 2281 257 2321 et
269 2276 340 2321 solita
350 2274 469 2324 scurribus
480 2276 553 2336 odia,
565 2267 746 2327 accendebatur
755 2271 850 2322 invidia
857 2306 866 2333 ,
877 2270 947 2332 qudd
957 2289 1014 2318 ma-

56 2400 61 2404 ,
104 2357 142 2391 ter
159 2347 297 2411 Agrippina
311 2353 455 2416 promptior
469 2353 567 2403 Neroni
583 2366 651 2403 crat:
665 2350 744 2412 neque
758 2360 842 2394 tamen
855 2345 960 2407 Sejanus
974 2345 1011 2392 ita

101 2418 211 2467 Drusum
224 2418 339 2484 fovebat,
353 2436 380 2471 ut
392 2443 442 2473 non
454 2426 480 2474 iu
491 2443 549 2477 enm
563 2443 661 2492 quoque
675 2424 769 2489 semina
780 2419 858 2468 futuri
869 2419 942 2464 exitii
954 2434 1010 2464 urs-

103 2491 242 2561 ditaretur-3
260 2511 351 2560 gnarus
363 2499 537 2564 praeferocem,
553 2515 580 2550 et
595 2499 689 2549 insidiis
702 2496 780 2557 magis
792 2502 974 2557 opportunum.

134 2565 205 2616 LXI.
215 2567 278 2618 Fine
288 2571 348 2618 anni
358 2573 483 2630 excessbrc
494 2574 605 2639 insignes
615 2570 677 2630 riri,
688 2568 791 2616 Asinius
801 2564 927 2628 Agrippa,
937 2562 1011 2611 clarit
1088 2610 1091 2615 ,

85 2694 88 2697 ,
105 2638 243 2700 majoribus
255 2643 330 2708 quiin
342 2647 446 2709 vetustis
454 2683 461 2707 ,
474 2646 574 2711 vitiique
590 2660 639 2692 non
653 2641 760 2705 degener
772 2658 779 2705 3
796 2650 822 2686 ct
833 2639 865 2704 Q
876 2637 1012 2694 Haterius,

105 2711 200 2761 lamnia
217 2719 358 2776 senatoria,
374 2719 537 2783 eloquentie,
558 2716 640 2783 quoad
656 2717 735 2777 vixit,
749 2712 879 2760 celebratas
895 2727 902 2756 t
917 2726 1015 2757 monu-

102 2800 188 2836 menta
199 2792 294 2855 ingenii
303 2795 355 2856 eius
364 2794 431 2842 baud
441 2795 544 2859 perinde
553 2797 703 2844 retinentur.
710 2791 810 2840 Scilicet
820 2789 915 2852 impetu
926 2787 1014 2849 tnagis,

101 2858 177 2923 quim
187 2864 246 2912 curd
258 2865 356 2927 rigebat
365 2884 371 2913 z
380 2877 456 2928 utque
469 2869 578 2914 aliorum
588 2866 722 2916 meditatio
733 2869 758 2911 et
766 2864 838 2910 labor
847 2860 873 2906 in
884 2869 1014 2922 posterum

101 2935 205 2984 valescit
216 2955 223 3000 3
238 2940 274 2984 sic
285 2939 384 2985 Haterii
395 2954 516 2988 canorum
529 2940 595 2988 illud
605 2953 632 2990 et
642 2941 784 3008 profluens,
799 2951 857 2984 cum
869 2933 924 2997 ipso
935 2929 1013 2978 simul

102 3009 253 3054 exstinctum
265 3020 310 3057 est.

129 3074 1016 3151 LX11·ll·Licini0.L.calpurntocoss.ingentiumbeltorumcladem

103 3155 210 3216 aequavit
222 3155 315 3200 malum
330 3153 512 3217 improvisum:
527 3156 580 3217 sius
596 3158 698 3204 initium
711 3157 786 3206 simul
800 3165 825 3201 et
837 3152 893 3199 linis
908 3152 1015 3199 exstitit.
1068 3172 1071 3175 ·

103 3227 170 3273 Nam
180 3239 261 3291 coepto
272 3219 339 3291 apud
347 3229 470 3277 Fidenam
478 3228 675 3291 amphitheatro,
684 3231 778 3279 Atilius
786 3224 892 3290 quidam
900 3225 1017 3272 libertini

104 3298 219 3359 generis,
236 3299 285 3359 qub
302 3301 473 3363 spectaculum
489 3297 659 3360 gladiatorum
679 3302 834 3356 celebraret,
854 3311 935 3357 neque
953 3294 1014 3341 fun-

105 3369 220 3418 damenta
239 3385 284 3434 per
299 3369 408 3418 solidum
427 3367 557 3427 subdidit,
577 3383 658 3431 neque
677 3371 757 3422 firmis
776 3368 885 3419 nexibus
903 3367 1036 3433 ligneam*
