2234 3817
142 131 194 186 380
223 140 238 169 Ι
460 146 485 183 ο.
499 146 598 211 ponit.
617 146 734 186 sacrat

143 242 280 293 equosque.
290 226 345 278 Nisi
355 226 411 293 ipris
421 220 530 289 retinet,
542 230 611 279 idem
621 246 721 290 suasor,
730 236 878 292 auctorque
890 226 995 279 consilii
1006 246 1047 280 ere.

144 309 212 366 Vos,
224 310 316 373 quibus
326 309 426 358 fortuna
436 311 462 359 iu
476 311 574 376 integro
584 324 621 361 est
631 350 637 369 ‚
648 313 761 377 legiones
776 311 916 360 continete
922 329 936 387 ἰε
947 313 1008 360 mibi
1017 329 1053 360 et·

144 380 234 447 peditae
249 382 366 431 cohortes
378 384 513 433 sufficient.
528 385 582 432 lam
597 395 731 435 reseratam
742 383 853 432 Italiam
865 420 872 440 ,
885 385 1006 448 impulsas¹
1018 384 1054 436 Vi·

143 456 208 505 tellii
217 466 260 505 res
266 457 374 508 audietis
385 478 390 507 :
401 461 499 520 juvabit
509 462 591 525 aequi,
605 473 631 509 et
642 459 754 524 vestigiis
765 460 905 507 vincentis
916 459 1025 524 insistere
1032 475 1054 509 c.

178 527 223 578 tlt.
236 532 294 579 Haec
303 543 377 596 atque
387 534 459 591 talia,
473 535 580 597 flagrans
588 534 683 600 oculis,
694 531 758 580 truci
771 547 859 590 voce,
872 530 925 595 quis
934 530 1009 580 tanus
1016 548 1054 580 an·

105 638 110 647 .
144 599 240 653 ditetur
249 604 352 670 (etenim
362 620 387 654 se
395 609 555 656 centuriones
563 619 587 655 et
598 606 700 672 quidam
707 607 826 654 militum
837 605 951 653 consilio
958 605 1053 652 miscue-

143 674 219 740 rant),
227 676 261 724 ita
266 676 363 732 effudit,
372 690 414 726 aut
422 692 615 743 cautosqooque
624 697 652 727 ac
660 677 776 746 providos
785 688 965 744 permoverem
976 677 1054 740 vulgus

143 757 168 793 et
176 750 267 806 ceteri,
279 766 381 800 cunum
393 753 475 801 uirum
485 751 625 817 ducemque
633 770 663 810 n,
674 751 757 818 spreti
773 740 915 799 «alliorum
923 748 1028 814 segnitia
1034 766 1053 806 r,

141 815 259 868 laudibus
267 820 370 883 ferrent.
378 823 449 873 Hauc
456 823 495 873 sui
504 822 596 872 lamam
602 824 631 872 ed
639 828 724 874 statim
733 825 867 872 concione
875 832 1057 880 commoverat,

144 891 206 954 qud,
218 894 328 945 recitatis
339 897 489 963 Vespasiani
499 900 625 965 epistolis,
636 917 701 962 nou,
714 911 742 946 ut
750 900 890 963 plerique,
904 898 999 944 incerta
1010 894 1056 942 dir·

144 967 238 1026 seruit,
249 967 298 1017 hue
308 969 369 1020 illue
382 984 507 1023 tracturus
517 962 767 1039 interpretationem,
780 985 867 1039 prout
881 969 1057 1031 conduxisset3

144 1036 228 1101 operte
242 1038 399 1090 descendisse
413 1044 438 1091 in
450 1060 550 1094 causans
564 1046 695 1096 ridebatur
708 1063 715 1096 z
726 1062 810 1112 coque
826 1046 933 1112 gratior
945 1043 1058 1092 militibus

149 1121 217 1172 erat,
230 1115 308 1181 culpae
324 1117 364 1164 vel
377 1116 462 1181 gloria
473 1121 567 1170 socius.

176 1183 222 1236 lV.
234 1187 352 1238 Proxima
363 1191 474 1242 Cornelii
482 1195 558 1243 Fusci
568 1195 739 1260 procuratoris
751 1195 900 1243 auctoritas
912 1211 918 1239 :
931 1192 952 1238 is
964 1202 1056 1252 quoque

148 1258 311 1309 inclementer
327 1263 352 1310 in
366 1264 500 1315 Vitellium
511 1267 598 1315 iurebi
610 1267 713 1328 solitus,
729 1267 794 1317 nibil
805 1270 866 1334 spei
880 1266 930 1315 sibi
944 1260 1057 1311 interad-

146 1347 217 1380 versa
229 1335 371 1398 reliquerat.
382 1335 416 1385 Τ.
426 1335 533 1403 Ampius
543 1339 692 1400 Flavianus,
705 1341 796 1391 natural
805 1358 836 1389 ac
847 1338 953 1389 senectd
964 1346 1056 1383 cuncta·

144 1415 199 1460 ῑῡΐ.
212 1408 367 1471 suspiciones
387 1410 499 1460 militum
518 1411 647 1472 irritabat,
658 1427 778 1479 tanquam
791 1413 928 1462 affinitatis
941 1425 1002 1457 curn
1017 1405 1056 1455 Va

144 1476 214 1526 tellio
223 1482 379 1531 meminisset
388 1501 394 1535 t
404 1482 529 1549 idemque,
541 1484 618 1549 quod,
628 1499 751 1551 coeptante
762 1487 899 1549 legionum
912 1493 997 1539 motu,
1004 1494 1055 1543 pro-

73 1604 74 1613 *
144 1547 231 1616 lngus,
241 1552 406 1621 deingsponte
420 1571 591 1616 remeaverat,
606 1559 715 1624 perfidia
729 1562 814 1607 locum
830 1558 959 1622 quesisse
974 1547 1056 1600 erede·

145 1622 230 1675 baim.
241 1627 307 1678 Nam
319 1632 480 1688 Flavianum,
493 1632 585 1678 omissai
595 1633 726 1682 Pannonici
733 1671 741 1693 ,
753 1637 901 1699 ingressum
913 1631 1057 1684 natrano

146 1696 287 1750 discrimini
299 1715 461 1769 exemptum,
473 1719 557 1752 rerum
570 1719 693 1757 novarum
705 1706 800 1769 cupido
812 1702 895 1768 legati
907 1718 1012 1749 nomen
1022 1713 1056 1747 te·

146 1786 262 1838 sumere,
275 1787 302 1825 et
310 1777 409 1826 misceri
420 1777 539 1825 civilibus
551 1777 627 1825 armis
637 1771 787 1841 impuleram
796 1774 925 1825 suadente
942 1770 1057 1819 Cornelio

146 1842 245 1910 Fusc05
258 1865 309 1898 non
320 1853 379 1914 quia
390 1848 516 1898 industria
525 1849 641 1898 Flaviani
653 1849 754 1913 egebat,
768 1847 810 1896 sed
820 1859 849 1896 ut
861 1846 1005 1895 consulare
1017 1858 1057 1891 no-

147 1932 208 1968 men
218 1925 378 1989 surgentibus
391 1941 472 1991 quum
483 1922 596 1974 maximis
610 1923 724 1991 partibus
737 1921 842 1973 honesti
852 1920 943 1989 speeie
951 1927 1054 1986 praeten-

124 2022 128 2029 ι
148 1988 258 2045 deretur.
466 2050 477 2055 ν

103 2076 105 2085 ‘
186 2068 220 2118 V.
233 2071 366 2138 Ceterum,
380 2075 595 2124 retransmittere
609 2073 634 2122 in
647 2070 763 2132 Italiam,
776 2069 898 2137 impune,
910 2079 939 2117 et
950 2062 1008 2114 usui
1019 2060 1052 2108 fo·

101 2170 112 2178 -
147 2150 201 2203 rot,
214 2144 335 2207 seriptum
347 2145 452 2208 Aponio
460 2149 597 2197 Saturnino
608 2163 682 2205 ,eum
692 2148 812 2196 exercitu
823 2147 943 2197 Moesico
957 2137 1052 2190 celera·

112 2278 114 2281 Ι
148 2223 199 2265 ret.
209 2213 246 2261 Ac
257 2230 289 2262 ne
302 2218 410 2265 inermes
422 2222 558 2283 provinciae
573 2219 687 2268 barbaris
701 2219 847 2267 nationibus
857 2220 1051 2282 exponerentur,

146 2287 273 2350 principes
288 2289 458 2338 Sarmatarum
476 2293 614 2356 lazygum‚
627 2306 705 2354 penes
720 2307 785 2352 quos
802 2292 916 2338 civitatis
935 2286 1047 2351 regimen·

145 2358 172 2405 in
183 2355 360 2406 commilitium
373 2359 481 2420 adsciti,
496 2364 600 2427 plebem
613 2378 729 2424 qnoque,
742 2372 770 2412 et
785 2367 841 2412 vim
853 2366 996 2432 equitnm,
1009 2349 1048 2417 qui

110 2473 118 2488 ⁸
145 2425 198 2474 sold
209 2427 293 2477 valent
300 2469 309 2492 ,
321 2430 475 2496 offerebant:
487 2433 622 2480 remissum
639 2431 667 2478 id
676 2448 784 2495 munus,
795 2451 826 2482 ne
837 2436 911 2483 inter
923 2427 1048 2481 discordas

147 2511 248 2551 externa
258 2506 424 2568 molirentur,
437 2518 483 2555 aut
495 2496 635 2570 majore'et
650 2504 751 2555 diuerso
764 2507 883 2558 mercede
895 2546 903 2569 ,
919 2509 958 2569 jus
973 2503 1046 2562 fasq¹1⁶
1071 2508 1072 2511 ’

147 2590 288 2628 exsuerent.
300 2575 446 2630 Trahuntur
457 2581 484 2628 in
493 2588 578 2645 partes
587 2579 648 2629 Sido
659 2590 733 2645 atque
746 2581 866 2643 Italicus,
879 2598 952 2648 reges
960 2578 1047 2624 Sueto·

149 2667 224 2712 rum,
237 2653 297 2718 quis
307 2665 378 2704 retus
394 2652 545 2718 obsequium
557 2669 615 2718 erga
627 2650 756 2701 Romanos
770 2671 776 2700 ι
792 2667 818 2704 et
833 2674 896 2719 gens
913 2654 970 2702 fidei
984 2659 1045 2695 com·

148 2726 229 2775 missae
239 2728 373 2792 patientior
384 2745 390 2775 :
401 2731 484 2794 posita
495 2726 521 2776 in
532 2727 599 2775 latus
612 2725 720 2784 auxilia,
733 2726 823 2775 inlecti
834 2727 925 2785 Rretiai.
937 2723 978 2772 cui
987 2720 1044 2799 Por·

150 2800 200 2848 tius
209 2800 363 2864 Septiminus
373 2812 523 2868 procurator
534 2809 601 2857 erat,
614 2799 765 2865 incorrupta
776 2816 833 2864 erga
845 2797 978 2849 Vitellium
986 2790 1046 2839 fidet.
1095 2810 1096 2815 ¹

149 2869 231 2934 Igitur
242 2873 359 2923 Sextilius
371 2876 441 2923 Felix
451 2870 556 2933 cumali
568 2871 678 2921 Auriand
688 2883 713 2920 et
722 2872 780 2920 oc'to
790 2872 931 2920 cohortibus
938 2881 987 2927 ,ac
994 2863 1042 2911 No·
1095 2882 1096 2905 ι

148 2944 261 2991 ricorum
278 2949 425 3007 juventute,
445 2948 477 2997 ad
494 2946 666 3012 occupandam
679 2947 759 3011 ripam
772 2946 830 2995 AEni
844 2943 969 3002 fluminis,
980 2931 1043 3002 quod

149 3015 233 3064 Raetos
246 3016 403 3080 Noricosque
416 3019 537 3081 interfluit
544 3056 554 3079 ,
572 3020 662 3066 missus
674 3035 681 3066 ι
693 3033 739 3065 nec
753 3017 805 3076 liis,
818 3016 921 3064 autillir
935 3012 1042 3080 praelium

151 3089 323 3145 tentantibus,
336 3090 436 3139 fortuna
448 3085 557 3158 partium
570 3092 632 3140 alibi
645 3103 776 3140 transacta·

184 3160 230 3212 Vl.
249 3162 376 3223 Antonio,
391 3166 534 3213 vexillarios
546 3164 559 3212 ὲ
571 3164 718 3213 cohortibus
728 3175 770 3226 ,et
780 3174 879 3228 partem
891 3162 998 3229 equitum
1010 3150 1039 3202 ad

106 3250 114 3256 ·
151 3233 319 3282 invadendam
335 3237 431 3285 ltaliam
441 3236 564 3303 rapienti,
576 3253 660 3285 comes
672 3237 719 3285 fuit
726 3236 815 3286 Arrius
825 3235 909 3285 Varus
916 3271 924 3299 ,
934 3239 1037 3281 suenum

150 3305 235 3360 bello,
251 3324 325 3369 quam
337 3309 443 3372 gloriam
459 3322 484 3358 et
498 3310 550 3357 dux
569 3311 699 3365 Corbulo,
715 3321 741 3356 et
757 3322 881 3373 prosperae
895 3311 920 3356 in
929 3293 1036 3357 Armenii

150 3370 197 3433 res}
206 3370 362 3425 addiderant.
378 3372 466 3436 Idem,
483 3377 612 3427 osecrctis'
625 3374 693 3443 apud
708 3374 836 3427 Neronem
851 3369 1034 3428 sermonibutta
1095 3446 1097 3453 J
