2234 3817
293 213 536 257 nrsronrtnnn
557 218 628 258 crs.
652 220 706 255 111.
903 207 952 275 387

27 307 115 360 mixti
131 319 177 371 per
191 301 324 357 tenebras,
336 312 366 349 ut
376 299 428 349 lors
440 300 534 348 tulerat
546 316 552 348 t
564 301 742 365 praetorianum
753 300 873 351 vexillum
885 320 950 369 pro·

32 385 143 433 ximum
154 377 270 426 tertianis
280 394 287 440 3
297 375 414 423 cohortes
422 375 574 423 auxiliorum
582 374 609 423 in
617 375 734 423 cornibus
745 393 751 421 :
761 376 837 425 latera
847 389 952 442 asterga

29 464 130 521 equite
140 446 304 498 circumdata
315 446 374 495 Sido
382 446 583 512 atqueltalrcus
593 447 682 505 Suevi,
691 463 749 495 cum
759 446 952 517 delectispopu

31 526 153 586 larium,
166 521 273 588 primori
284 522 311 567 in
323 521 376 568 acie
388 521 562 569 versabantur.

68 588 163 647 XXll.
183 595 217 644 At
239 593 392 646 Vitellianus
412 595 553 652 exercitus,
577 596 618 642 cui
634 594 794 657 acquiescere
812 596 956 655 Cremona,

33 685 65 723 et
87 672 235 737 reciperatis
253 670 311 717 cibo
328 685 468 733 somnoque
487 670 598 727 viribus,
616 669 759 718 confectum
774 672 858 755 algore
873 684 953 756 atque

36 744 132 796 insffia
143 744 256 800 bostem,
268 742 369 825 postera
381 742 421 790 die
431 730 579 807 profligare,
589 759 619 790 ac
629 758 748 825 proruere
759 744 823 791 ratio
834 732 956 809 fuii51n-

39 818 119 883 digus
135 818 241 866 rectoris
250 816 347 880 ‚inops
364 815 479 880 consilii,
492 815 566 864 tertia
582 814 660 863 ferme
676 815 831 863 noctislrorl
840 820 958 881 ,paratis

38 891 96 957 ‘qam
102 889 284 956 dispositisque
292 888 419 935 Flavianis
427 889 585 953 impingitur.
593 887 715 936 Ordinem
725 888 843 952 agminis.
858 888 958 953 disjecti

41 981 92 1030 per
102 965 169 1021 iram
181 979 211 1009 ae
223 961 340 1009 tenebras
350 997 356 1015 .
367 960 516 1011 adseverare
527 978 580 1009 non
589 963 670 1008 ausim
684 979 689 1007 :
701 978 843 1024 quanquam
856 964 897 1010 alii
907 976 960 1011 tra-

44 1035 180 1094 diderint,
195 1055 210 1085 ιι
219 1046 334 1099 quartam
345 1034 535 1083 Macedonicam
546 1072 552 1093 ‚
564 1035 655 1084 dextro
667 1051 769 1083 satorum
778 1051 870 1101 cornu5
882 1026 974 1100 quin-¹

44 1122 118 1170 tam,
139 1121 164 1157 et
180 1107 441 1172 quintamdecimam,
454 1123 513 1156 cum
523 1107 625 1156 vexillis
636 1123 724 1165 neore,
740 1108 919 1173 secundaeque,
935 1121 963 1160 et

45 1182 189 1240 vicesimae,
204 1181 407 1229 Britannicarum
424 1181 553 1245 legionum
564 1217 571 1238 ,
582 1180 692 1230 mediam
710 1183 806 1247 aciem5
817 1183 962 1232 sextadeci-

46 1271 141 1306 manos
159 1253 470 1318 duoetvicesimanosque,
492 1265 518 1302 et
538 1254 669 1319 primanos
684 1255 775 1301 laevum
794 1270 872 1303 cornu
889 1272 963 1306 corn-

47 1331 168 1397 plesses.
180 1330 292 1393 Rapaces
302 1339 376 1392 atque
389 1328 472 1376 Italici
483 1328 600 1375 omnibus
612 1344 638 1376 se
650 1328 785 1392 manipulis
797 1329 961 1380 miscuerant.

49 1403 152 1465 Eques,
165 1401 323 1463 auxiliaque,
334 1400 381 1448 sibi
391 1401 440 1466 ipsi
448 1401 533 1449 locum
542 1401 633 1464 legere.
644 1400 760 1448 Praelium
769 1400 822 1450 toti
832 1414 905 1451 nocte
916 1420 964 1451 va·

51 1476 141 1531 rium,
152 1489 253 1540 anceps,
264 1485 336 1522 atrox
348 1491 355 1536 3
368 1472 425 1533 bis,
439 1472 526 1521 rursirs
539 1474 605 1529 illis,
618 1473 754 1521 exitiabile.
768 1474 837 1522 Nihil
848 1477 966 1533 animus,

54 1557 101 1596 aut
112 1562 200 1611 manus
210 1582 217 1606 ,
228 1563 259 1594 ne
272 1546 339 1594 oculi
350 1545 454 1608 quidem
473 1548 577 1609 provisu
593 1546 712 1608 juvabant
730 1564 736 1593 :
752 1546 840 1594 eadem
856 1547 964 1615 utrique

55 1620 111 1669 acie
122 1634 190 1666 arma
202 1637 207 1668 ε
221 1619 315 1669 crebris
329 1619 570 1682 interrogationibus
580 1631 669 1667 notum
680 1635 767 1684 pugnae
778 1620 875 1684 signum
887 1640 892 1670 ι
906 1640 967 1686 per·

55 1692 138 1741 mista
147 1691 252 1745 vexilla,
261 1691 401 1754 utquisque
411 1691 513 1755 globus,
525 1702 598 1757 capta
607 1708 639 1739 ex
649 1690 778 1752 hostibus,
791 1693 839 1741 lanc
848 1696 887 1741 vel
899 1697 959 1742 illuc

55 1766 179 1831 raptabat.
192 1765 335 1830 Urgebatur
346 1762 454 1812 maxime
465 1766 572 1830 septima
581 1766 648 1828 legio
657 1800 663 1820 ,
673 1782 754 1830 nuper
764 1765 780 1814 ἐι
792 1766 871 1815 Galba
883 1784 964 1815 cons«

8 1900 11 1907 Ἰ
56 1841 145 1904 cripta.
158 1839 242 1887 Occisi
254 1839 450 1904 sesprimorum
460 1838 578 1884 ordinum
589 1839 765 1901 centuriones5
778 1841 881 1904 abrepta
895 1858 964 1903 quae-

63 1909 122 1959 dam
137 1913 206 1976 sigqa
218 1930 225 1960 s
238 1913 317 1978 ipsam
337 1910 448 1973 aquilam
467 1910 563 1957 Atilius
581 1908 681 1964 Verus,
694 1910 817 1973 primipili
837 1915 951 1961 centurio
961 1928 973 1972 ,’

63 1984 145 2036 multa
154 2001 212 2035 cum
221 1983 331 2034 bostium
343 1996 440 2047 strage,
451 1993 477 2030 et
488 1981 520 2030 ad
530 1995 672 2032 extremum
681 1983 792 2029 moriens
800 2019 807 2039 ‚
816 1999 968 2039 servaverat,

96 2057 194 2105 XXIII.
202 2057 323 2106 Sustinuit
329 2056 459 2107 labantem
469 2056 548 2104 eciem
557 2054 693 2112 Antonius,
702 2056 787 2101 accitis
799 2059 951 2118 praetorianis
960 2077 968 2106 z

64 2132 121 2198 qui,
133 2133 177 2183 ubi
186 2134 304 2198 excepere
317 2148 436 2199 pugnam,
446 2133 546 2198 pellunt
555 2132 655 2181 bostem
663 2167 670 2189 ‚
679 2131 738 2178 dein
750 2131 887 2195 peliuntur.
895 2133 973 2180 Nam·

66 2221 115 2269 quc
126 2205 257 2255 Vitelliani
272 2218 398 2256 tormenta
413 2207 439 2253 in
454 2222 571 2271 aggerem
582 2207 626 2253 siae
638 2205 808 2263 contulerant,
823 2217 850 2251 ut
860 2207 909 2253 tela
925 2210 973 2252 va-

66 2294 116 2326 cuo
127 2289 199 2342 atque
208 2291 295 2346 aperto
309 2290 487 2327 excuterentur
497 2315 504 2336 ,
514 2277 627 2343 dispersa
639 2276 722 2342 primo
732 2314 739 2337 ,
749 2289 775 2325 et
784 2280 894 2327 arbustis
904 2318 909 2334 ,
919 2282 973 2328 siue

66 2348 179 2401 hostium
189 2353 266 2417 noxi,
278 2353 353 2401 illisa.
365 2351 539 2417 Magnitudine
549 2350 643 2400 eximin
655 2351 853 2413 quintaedecimae
867 2353 972 2416 legionis

66 2423 170 2488 balista,
185 2427 329 2493 ingentibus
343 2421 409 2475 saxis
425 2425 545 2473 hostilem
557 2426 637 2473 aciem
648 2425 785 2488 proruebat
794 2443 800 2472 ι
810 2425 910 2487 lateque
918 2429 975 2475 cla-

17 2530 21 2537 ·
68 2496 127 2545 dem
137 2499 273 2562 intulisset,
285 2500 310 2546 ni
323 2499 373 2549 duo
385 2499 488 2561 milites,
503 2500 648 2564 praeclarum
660 2496 755 2551 sachius
766 2500 828 2554 ausi,
843 2503 949 2563 arreptis
961 2500 977 2548 ὲ

20 2608 21 2611 ,
66 2582 148 2637 strage
155 2574 234 2621 scutis
242 2574 359 2636 ignorati,
369 2574 451 2621 vincla
464 2588 492 2620 ac
499 2573 648 2633 libramenta
657 2583 841 2620 tormentorum
849 2571 974 2619 abscidis-

20 2678 21 2685 ι
68 2656 141 2692 seut:
156 2646 243 2692 statim
255 2643 363 2692 confossi
372 2657 453 2711 punt,
471 2645 551 2707 edque
564 2644 713 2692 intercidere
728 2647 828 2691 nomina
841 2663 846 2688 :
859 2644 889 2689 de
907 2643 974 2691 laeto

21 2734 24 2753 ³
65 2715 137 2767 baud
148 2718 293 2781 ambigitur.
302 2717 396 2771 Neutro
406 2720 571 2767 inclinaterat
582 2718 689 2774 fortuna,
699 2716 780 2762 donec
789 2717 874 2762 adulta
885 2729 974 2782 ιιοοιιι,ι

23 2810 25 2837 r
67 2789 130 2837 luna
147 2803 250 2853 surgens
262 2791 496 2849 ostenderetacics,
511 2790 669 2873 falleretque.
680 2788 729 2836 Sed
743 2789 867 2835 Flavianis
880 2791 975 2851 aequior

24 2862 27 2897 2
69 2860 186 2923 aterwgo
200 2861 259 2921 lunc
271 2880 379 2927 majores
387 2873 513 2928 equorum
527 2877 690 2924 virorumque
700 2861 803 2921 umbrae,
821 2873 845 2908 et
857 2861 933 2924 salso
947 2874 980 2912 ut

26 2934 29 2983 ᾗ
71 2936 98 2985 in
116 2950 234 3000 cor,pora
247 2941 315 2996 ictu,
327 2941 377 2987 tela
390 2939 501 2987 bostrum
511 2937 719 2985 estracadebant
729 2934 860 2984 lrtellram
871 2936 979 2986 adverso

70 3006 168 3055 lunriue
177 3011 345 3071 collucentes,
355 3006 426 3060 relut'
437 3028 468 3059 ex
478 3012 579 3059 occulto
592 3007 786 3075 jaculantibus,
779 3008 874 3053 incauti
887 3007 978 3057 offere·

71 3079 172 3129 bantur.
475 3099 479 3104 ’
740 3136 742 3139 v

107 3153 204 3201 XXIV.
216 3143 296 3220 Igitur
309 3154 454 3219 Antonius,
465 3156 508 3204 ubi
523 3169 711 3212 nosceresuos‚
726 3153 844 3213 noscique
862 3163 967 3216 poterat

75 3226 138 3301 alios
147 3224 242 3292 1·rudore
254 3243 280 3277 et
292 3233 412 3295 probris,
425 3230 518 3278 multos
527 3229 601 3277 laude
609 3240 635 3275 et
644 3227 758 3286 hortatu,
768 3242 856 3272 omnes
868 3242 911 3289 spe
921 3242 979 3290 pr·o

74 3295 205 3364 missisque
218 3304 378 3361 accendens,
391 3320 440 3354 cur
452 3307 507 3353 rari
522 3306 695 3365 sumpsissent
709 3260 811 3349 aerbo?
823 3299 985 3346 Pannonicas

78 3373 189 3437 legiones
202 3374 388 3442 interrogabat:
403 3393 416 3422 a
429 3375 485 3423 illos
495 3390 548 3422 esse
560 3389 675 3439 campos,
689 3373 714 3418 in
725 3371 816 3433 quibus
831 3371 929 3417 abolere
941 3372 986 3416 la-

79 3444 136 3495 beus
151 3446 243 3511 prioris
262 3449 405 3514 ignominiae
413 3482 420 3510 ‚
434 3448 478 3496 ubi
491 3448 630 3514 reciperare
646 3446 750 3510 gloriam
764 3453 867 3509 possent
876 3460 900 3491 a.
915 3443 981 3493 Tum

79 3630 86 3651 Ι
