2234 3817
417 126 597 165 taratrum
615 131 681 174 nra.
700 132 738 167 rr.
999 124 1035 173 55

108 209 1037 281 ninaauditztuminspecumdegressns‚haustdiontisarcaniaqui‚igna·,

112 287 1033 362 msplerumquelittcrantmetcarmiurrm,erlitresponsaversibuscom.

113 367 206 433 positis
213 377 291 428 super
298 362 376 411 rebus
382 360 508 424 quosquis
514 363 720 426 menteconcepit
732 380 738 408 a
752 373 777 409 et
785 361 910 412 ferebatur
920 364 1031 415 Germa·

111 441 173 490 nico
180 454 228 505 per
237 439 365 502 ambages,
376 445 405 482 ut
412 451 467 484 mos
476 437 595 497 oraculis,
603 443 739 489 maiarum
749 440 861 488 exitium
870 439 1004 489 cecinisse.

147 509 206 580 LV.
219 510 257 562 At
272 512 320 560 Cn.
335 512 399 560 Piso
412 508 463 574 quis
479 510 655 573 properantiirs
671 510 795 559 destinata
812 510 949 576 inciperet,
966 512 1031 562 ciri-

111 598 169 636 tae
216 585 414 637 Atheniensium
431 583 535 632 turbido
552 583 651 634 incessu
667 585 816 633 exterritam
833 586 948 633 oratione
965 586 1032 636 seri

112 595 174 710 iiii
190 658 356 724 pat,ohlique
366 656 547 706 Germanicum
560 659 741 723 perstringens,
755 658 844 723 nqnbd
855 671 942 707 contra
950 658 1029 709 decus

114 733 232 784 Rotnani
247 734 370 791 nominis,
381 749 433 780 nou
449 729 616 782 Athenienses
631 745 670 783 tot
687 732 802 800 cladibus
820 735 971 791 exstinctos,
982 733 1028 782 sed

116 807 262 857 colluviem
276 807 344 855 ittam
361 808 494 870 nationum
510 807 630 855 comitate
645 804 723 858 nimii
740 787 860 855 doiirisset
875 824 881 856 :
896 805 1027 857 hosenim

52 883 59 889 '
113 896 173 931 esse
189 878 346 929 Mithridatis
361 877 483 926 adversus
495 876 724 934 Sullam,Antonii
738 878 857 928 adversus
871 878 960 927 divum
969 880 1027 929 Au·

112 965 219 1020 gustum
237 955 321 1001 socios
331 969 347 1001 n
362 969 368 1000 :
384 951 462 1000 etiam
478 962 564 1000 vetera
581 951 741 1014 objectabat,
756 966 809 1014 qua
828 952 854 998 in
872 950 1027 1001 Macedones

108 1027 288 1095 improspere,
306 1029 430 1077 violenter
449 1026 477 1075 in
494 1025 709 1075 snos‘fecissent:
727 1023 836 1073 offensus
852 1026 908 1073 urhi
925 1028 1027 1092 proprii

110 1118 214 1169 quoque
233 1101 292 1163 iri;
312 1103 372 1166 qnia
391 1100 577 1166 Theoplrillum
595 1098 731 1164 quemdam
741 1132 748 1154 ,
766 1096 835 1146 Areo'
852 1098 947 1161 judicio
969 1102 1026 1150 salsi

111 1176 262 1227 damnatum
270 1213 274 1230 ,
281 1177 401 1241 precihus
407 1176 458 1224 suis
463 1192 516 1223 non
521 1172 770 1223 concederent.Exin
780 1174 938 1238 navigatione
948 1176 1024 1240 celeri

111 1266 161 1317 per
170 1249 304 1313 Oreiadas,
313 1262 339 1300 et
346 1246 499 1314 compendia
507 1250 592 1306 maris,
602 1246 747 1311 adscquitur
760 1246 942 1302 Germanicum
953 1248 1025 1296 insu-

110 1321 307 1382 lamiihodurn,
317 1322 503 1372 haudnescinm
511 1323 603 1387 quihus
613 1320 822 1370 insectationibus
834 1322 929 1385 petitus
938 1320 1003 1380 foret
1014 1338 1020 1369 :

111 1394 162 1444 sed
174 1395 244 1443 tanti
257 1396 447 1446 mansuetudine
457 1396 560 1461 agebat,
575 1406 603 1444 ut
615 1411 694 1459 quum
709 1404 764 1441 orta
778 1405 912 1459 tempestas
922 1406 1022 1461 raperet

108 1469 138 1516 in
153 1468 272 1533 abrupta,
281 1483 413 1535 possetque
426 1471 544 1520 interitus
555 1469 655 1518 inimici
664 1467 698 1516 ad
710 1483 797 1514 casum
807 1467 907 1526 referri,
919 1470 1019 1517 miser-it

104 1543 247 1597 triremes,
263 1557 366 1605 quarrnn
379 1541 494 1590 subsidio
505 1541 646 1591 discrimini
657 1542 821 1594 esirneretun
833 1541 920 1605 Neque
934 1554 1021 1591 tamen

103 1615 245 1679 mitigatus
251 1615 318 1668 Piso.
327 1616 402 1663 etrix
411 1614 569 1682 dicimoram
577 1630 717 1680 perpessus,
726 1612 818 1676 linquit
829 1616 1021 1676 Germanicum,
1035 1617 1040 1620 ’

102 1689 283 1757 prasvenitqne
293 1705 299 1735 :
309 1701 334 1738 et
341 1700 477 1754 postquam
486 1688 583 1753 Syriam
592 1704 621 1735 ac
629 1688 755 1752 legiones,
765 1688 862 1751 attigit,
872 1689 1020 1754 largitione,

104 1760 224 1820 ambitu,
243 1761 341 1809 infimos
356 1760 553 1827 manipularium
568 1759 696 1822 jurando,
716 1775 794 1823 quum
806 1771 910 1807 *veteres
926 1773 1019 1809 centu·

106 1834 206 1896 rienes,
225 1851 330 1884 severos
347 1836 465 1884 tribunos
483 1832 644 1886 demoveret.
663 1834 768 1897 locaque
783 1843 870 1882 esrum
884 1835 1021 1885 clientibus

110 1904 181 1961 suis,
202 1908 244 1955 rel
266 1907 405 1956 deterrimo
425 1906 517 1970 cuique
537 1905 702 1963 attribueret,
721 1905 846 1954 desidiam
864 1908 891 1955 in
910 1909 1018 1967 castris,
1065 1957 1070 1966 ,

107 1975 246 2026 licentiam
257 1981 287 2026 in
298 1982 412 2044 urbibus,
427 1995 518 2044 vagum
533 1996 562 2028 ao
576 1979 750 2027 lascivientem
766 1997 810 2044 pcr
821 1996 894 2044 agros
907 1982 1018 2032 militem

106 2049 223 2100 sineret„
237 2049 267 2098 eb
281 2067 358 2115 usque
370 2052 533 2117 corruptionis
546 2063 683 2114 provectus
697 2062 751 2112 est,
764 2063 794 2098 ut
804 2063 920 2097 sermone
932 2053 1018 2118 vulgi,

104 2128 221 2180 Porcus
235 2126 372 2193 legionum
385 2126 526 2175 haberetur.
541 2124 596 2172 Neo
609 2122 728 2171 Plancina
741 2139 767 2171 se
784 2122 850 2172 intra
868 2121 958 2172 decora
975 2127 1018 2175 ie.

106 2199 190 2248 minis
202 2200 319 2266 tenebat5
335 2198 378 2248 sed
388 2200 507 2249 exercitio
518 2198 633 2261 equitum
645 2235 651 2253 ,
664 2194 811 2256 decursibus
824 2195 966 2247 cohortium
976 2200 1019 2249 in·

107 2282 205 2322 teresse
224 2289 231 2318 z
252 2275 278 2321 in
295 2274 479 2339 Agrippinam,
495 2273 521 2321 in
537 2271 719 2319 Germanicum
735 2271 902 2319 contumelias
917 2270 1016 2337 jacere:

105 2344 257 2410 quibusdam
268 2348 345 2398 etiam
358 2347 486 2395 munaum
498 2346 613 2393 miiitum
621 2342 653 2393 ad
664 2345 731 2394 mala
743 2346 862 2410 obsequia
875 2349 1015 2416 promptis,

103 2420 172 2487 qudd
181 2422 259 2473 hartel
268 2426 358 2473 invito
370 2427 530 2492 imperatore
540 2438 574 2472 ea
601 2423 639 2471 eri
650 2419 766 2467 occultus
778 2413 1036 2503 rumorincedehatss

133 2494 203 2543 LVI.
213 2497 279 2543 Nota
289 2495 341 2543 haec
350 2496 505 2543 Germanico
515 2516 522 2559 3
535 2492 581 2541 sed
592 2495 709 2558 praeverti
722 2492 755 2541 ad
769 2494 903 2541 Armenios
913 2495 1015 2546 instau-

102 2566 153 2616 tior
163 2583 225 2616 cura
234 2566 290 2616 fuit.
300 2568 427 2634 Ambigua
436 2585 497 2633 gens
507 2584 536 2616 ea
546 2565 699 2629 antiquitus,
711 2566 844 2626 hominum
853 2566 974 2628 ingeniis,
988 2578 1014 2614 et

105 2640 158 2686 situ
173 2652 313 2700 terrarum,
330 2659 381 2706 quo
392 2645 485 2690 uostris
501 2640 639 2706 provinciis
648 2637 698 2685 latle
713 2650 849 2703 praetenta,
865 2639 966 2703 penitus
980 2638 1013 2687 ad

104 2709 202 2783 Medos
212 2712 344 2777 porrigitur
352 2737 360 2778 3
369 2715 536 2777 maximisque
548 2710 660 2774 imperiis
669 2711 807 2773 interlecti,
820 2722 846 2756 et
857 2712 945 2784 sapius
957 2711 1014 2761 dis·

103 2786 196 2834 cordes
206 2798 279 2842 sunt,
294 2786 410 2840 adsersus
424 2791 554 2838 Romanos
566 2782 640 2840 odio,
652 2794 678 2832 et
689 2784 715 2831 in
726 2782 849 2831 Parthum
859 2785 953 2834 invidiis
964 2788 1014 2835 lie·

101 2873 160 2924 gem
176 2859 222 2907 illei
240 2871 388 2926 tempestate
402 2878 454 2910 nou
469 2857 714 2915 lrahebant,stu0to
732 2857 840 2908 Vonone
856 2873 864 2903 r
881 2856 926 2904 sed
939 2857 1012 2917 invqr

100 2933 211 2982 nationis
224 2931 365 2983 inclinabat
377 2936 405 2984 in
418 2937 550 2984 Zenonem
557 2932 717 2992 ‚Polemonis
727 2932 791 2998 regis
802 2931 903 2980 Pontici
912 2932 1009 2992 filiurn,

100 3006 195 3071 quhdis
205 3009 288 3072 primi
300 3010 332 3058 ab
345 3008 452 3059 iniuntia
466 3008 579 3059 instituta
594 3018 619 3055 et
628 3008 725 3055 enitum
734 3005 915 3056 Armeniobrm
929 3023 1012 3056 amu-

97 3080 175 3145 latus,
196 3094 305 3139 venatu,
321 3085 465 3148 epulisset
480 3100 534 3148 qna
549 3080 598 3128 alia
614 3081 715 3129 barbari
734 3082 877 3142 celebrant,
891 3079 1010 3147 proceres

97 3156 246 3221 plebemque
254 3155 325 3220 juxta
333 3157 494 3210 devinxerat.
503 3156 582 3221 igitur
590 3154 756 3204 Germanicus
763 3159 789 3203 in
796 3159 857 3205 urbe
867 3155 1008 3211 Artaxata,

98 3227 296 3295 adprobantibus
304 3232 437 3281 nobilibus
443 3271 450 3295 ,
459 3230 612 3280 circumfusi
620 3229 796 3297 multitudine,
808 3232 904 3293 insigne
913 3229 1010 3293 regium
1083 3231 1092 3242 ‘

99 3303 175 3369 capiti
189 3306 243 3368 ejus
256 3307 384 3374 imposuit
399 3324 404 3354 :
418 3309 495 3355 ceteri
506 3317 654 3355 venerantes
664 3322 762 3370 regem,
779 3299 931 3356 Artaxiam
945 3316 1010 3347 con-

96 3376 258 3446 salutartre3
278 3380 356 3447 quod
373 3380 413 3431 iili
428 3380 581 3431 vocabulum
600 3376 745 3431 indiderant
765 3394 797 3427 ex
806 3376 913 3497 popinis
929 3371 1000 3420 urbis
