2234 3817
363 118 539 155 aunantusr
555 121 619 157 aaa.
638 123 705 160 xvr.
937 110 985 179 atq
1059 129 1066 138 ·

83 195 133 250 aed
142 213 230 263 regum
242 207 405 247 externorum
415 199 612 258 consuetudine,
624 200 751 251 differtum
765 202 886 254 odoribua
895 203 988 253 nondi-

80 284 142 333 tur,
159 272 307 335 tumuloque
321 271 450 320 luliarum
468 273 584 323 insertur.
597 274 683 323 unns
698 288 783 325 tamen
794 277 901 344 publicas
912 291 986 326 ersa-

80 347 147 409 quiae
154 382 160 401 ‚
167 343 332 407 laudavitque
341 344 393 408 ipse
402 346 470 410 apud
479 358 559 396 rostra
569 346 696 396 nlormam
708 348 772 410 ejus,
781 362 807 398 et
817 349 886 414 qubd
895 350 987 399 divinas

78 420 183 472 infantis
192 435 284 483 parens
300 419 416 480 luisset»,
428 421 524 487 aliaque
535 423 643 472 torinna,
652 440 754 472 munera
768 441 815 490 pro
829 426 974 474 uirtutibus.

112 491 172 541 vtt.
186 493 299 541 Mortem
310 492 433 557 Poppaeae,
444 507 472 542 ut
481 495 565 561 palbm
573 498 687 560 tristem,
699 499 733 545 ita
742 498 986 547 recordantibuslae·

77 577 149 622 tam,
168 566 202 613 ob
217 565 400 630 impudicitiam
414 566 468 629 ejus
489 571 670 633 saevitiamque,
692 572 758 620 nord
776 570 985 637 insuperinvidii
1071 632 1074 637 Ι

77 642 151 690 Nero
170 641 323 705 complevit.
338 643 497 705 prohibendo
513 646 544 692 C.
565 647 680 693 Carsium
693 647 775 694 officio
790 646 981 711 exsequiarum:

78 712 153 776 quod
163 715 271 778 primum
285 711 407 762 indicium
424 717 483 763 mali
491 752 498 773 ‚
507 732 591 781 neque
601 717 628 764 in
639 718 741 782 longum
752 716 859 767 dilatum
875 729 922 768 eat.
935 716 985 765 Sed

80 786 183 842 Silanus
197 785 300 834 additur
313 803 319 833 r
330 788 402 835 nullo
419 791 526 837 crimina
535 827 541 847 ,
551 790 601 838 nini
610 791 679 853 qubd
688 793 788 840 Cassius
797 792 887 858 opibus
897 802 987 839 vetru-

79 859 132 918 tia,
149 869 175 907 et
185 860 307 922 gravitate
319 877 435 917 morum,
446 864 703 912 Silanuaclaritndine
712 867 824 928 generis,
837 862 986 912 etmosioatd

77 928 183 994 juventa
194 934 378 998 praecellebant.
390 932 470 998 igitur
478 936 556 983 missd
569 936 601 983 ad
616 947 729 985 serratum
739 938 867 994 oratioue,
882 951 987 984 cramo-

79 1003 208 1055 voudoslr
226 1004 355 1070 republicis
371 1017 513 1071 utrosque»
533 1008 668 1058 disseruit:
685 1009 869 1073 obiectavitque
884 1007 987 1071 Cassio,

79 1077 176 1144 «quaid
187 1080 251 1126 iuter
260 1078 382 1140 imagines
396 1081 534 1140 maiorum,
545 1082 622 1130 etiam
633 1083 662 1130 C.
675 1083 754 1130 Cassii
769 1082 876 1146 effigium
888 1080 987 1130 coluis-

81 1165 136 1214 ωας
151 1154 185 1202 ita
201 1151 348 1216 inscriptam
361 1168 367 1200 ι
381 1165 444 1202 nuci
457 1168 590 1203 attentum.
601 1154 700 1220 Quippe
712 1155 879 1204 seminabeili
890 1153 987 1210 civilia,

82 1241 111 1278 et
119 1222 309 1275 delectioneml
322 1223 399 1272 domo
409 1225 535 1273 Cassarum
545 1228 685 1291 quaesitans.
699 1225 737 1276 Aa
746 1244 778 1276 ne
792 1225 914 1276 memorid
927 1236 988 1273 tan·

80 1300 141 1352 tiam
146 1298 236 1347 infensi
241 1297 385 1345 nominiaad
392 1297 532 1347 discordias
537 1298 827 1366 uteretu1·‚adaurnpsisae
833 1300 987 1357 tuduinum,

83 1375 203 1441 juvenem
214 1387 305 1435 genere
317 1371 447 1431 nobilem,
462 1375 547 1421 auimo
555 1387 707 1440 praeruptum
716 1408 724 1437 ,
733 1390 816 1438 quem
825 1375 899 1423 novis
910 1372 987 1420 rebus

86 1458 258 1499 ostentaret».
632 1484 636 1490 ,

102 1555 105 1561 -
119 1522 190 1572 VIII.
202 1517 289 1586 Ipsum
300 1519 392 1570 debinc
400 1521 514 1569 Silanum
524 1522 649 1588 increpuit
659 1522 761 1584 iisdem,
770 1521 862 1587 quibua
869 1532 988 1585 patruum

85 1592 144 1659 ejus
156 1593 325 1657 Torquatum,
341 1605 480 1658 «tanquam
491 1594 637 1660 disponeret
645 1597 695 1659 jam
706 1599 804 1663 imperii
811 1610 897 1655 ouras,
907 1591 989 1658 prufl-

85 1678 206 1731 oeretque
219 1667 361 1715 rationibus
371 1668 507 1724 attinebit,
517 1679 544 1716 et
554 1670 668 1734 epistolia
678 1669 812 1734 libertosn3
821 1668 903 1716 inania
912 1664 989 1712 simul

85 1752 113 1789 ct
123 1738 185 1789 laisa
197 1756 204 1788 t
219 1754 278 1788 nam
288 1738 389 1788 Silanus
398 1742 519 1790 intentior
532 1752 615 1796 metu,
631 1756 656 1792 et
667 1745 745 1792 exitio
755 1742 837 1808 patrui
850 1738 882 1794 ad
893 1753 987 1803 praca-

82 1812 196 1862 vendum
206 1814 343 1861 exterritat
360 1826 424 1864 erat.
436 1815 538 1863 inducit
548 1816 654 1879 posthac
666 1817 789 1864 vocabulo
803 1813 930 1866 indicum,
943 1809 987 1873 qui

85 1887 113 1936 in
123 1887 261 1951 Lepidam,
270 1888 351 1936 Cassii
362 1905 468 1937 uxorem
476 1925 484 1947 ,
493 1888 702 1953 Silanivamitam,
717 1891 863 1937 «incestum
872 1900 930 1933 curn
940 1882 992 1930 lra-

85 1959 136 2007 tris
145 1959 207 2016 filio,
222 1972 248 2007 et
258 1958 327 2009 diros
336 1977 465 2011 sacrorum
475 1963 557 2010 rituso
571 1961 750 2032 confingerent.
762 1958 950 2015 Trahebantur,
959 1966 989 2003 ut

86 2033 199 2091 conscii,
208 2033 339 2084 Vulcatius
350 2036 485 2094 Tullinus,
499 2051 528 2083 ac
539 2027 833 2090 Marcelluabbrnelius,
847 2040 988 2083 senatores,

88 2113 117 2156 et
126 2107 279 2172 Calpurnius
286 2107 411 2165 Fabatus,
424 2125 502 2172 eques
512 2110 654 2156 Romanus:
665 2109 722 2169 qui,
732 2106 858 2173 appellato
866 2100 988 2168 principe,

87 2183 225 2230 instantem
237 2179 424 2230 damnationem
436 2181 564 2238 frustrati,
581 2196 640 2227 mox
653 2178 797 2240 Neronem,
808 2178 874 2225 circa
891 2188 989 2227 tumme

89 2255 184 2302 scelera
195 2254 348 2316 distentum,
361 2257 434 2319 quasi
447 2257 556 2304 minores
564 2254 687 2305 evandre„

122 2328 170 2376 tx.
181 2328 253 2376 Tunc
264 2329 382 2376 consulto
397 2327 514 2389 aenatds,
529 2330 637 2378 «Cassio
647 2338 672 2376 et
682 2328 767 2376 Silano
779 2324 884 2376 exsilias
898 2321 990 2372 deeer-

85 2411 199 2467 nuntur5
212 2400 265 2450 ade
276 2401 375 2467 Lepidi
391 2402 471 2451 Caesar
492 2413 644 2453 statuerent)
660 2403 862 2468 Deportatuaque
878 2398 904 2444 in
918 2398 990 2444 insu·

87 2475 139 2524 lam
150 2474 292 2523 Sardiniam
305 2476 420 2537 Cassius,
434 2488 460 2524 et
475 2489 592 2526 senectus
602 2475 655 2539 eius
665 2475 864 2539 exspectabatur,
877 2470 990 2527 Silanus,

90 2558 213 2611 tanquam
225 2547 328 2596 Naxum
342 2546 522 2610 deveheretur,
538 2549 637 2598 Ostiam
653 2559 769 2613 amotua3
782 2546 840 2614 pbst
851 2540 992 2604 municipio

87 2620 204 2687 Apuliae,
218 2622 260 2669 cui
273 2638 366 2670 nomen
381 2635 420 2671 eat
433 2624 554 2681 barium,
569 2621 706 2670 clauditur.
719 2618 776 2668 Illic
791 2616 991 2680 indignissimum

88 2712 176 2746 naum
189 2697 315 2762 sapienter
327 2696 453 2760 tolerans,
472 2696 660 2749 icenturione,
674 2692 705 2741 ad
720 2691 813 2741 cadom
827 2691 919 2748 misso,
931 2702 992 2770 cor:

89 2771 182 2836 ripitur
195 2787 201 2817 :
215 2769 380 2834 suadentique
393 2786 489 2820 «venas
501 2770 669 2831 abrumpere,
681 2766 792 2814 animum
804 2762 907 2830 quidem
915 2770 993 2808 morta

81 2838 264 2891 ‘riestinaturnu
276 2844 324 2899 ait,
337 2842 399 2891 used
413 2859 465 2892 non
475 2841 621 2908 permittere
633 2839 774 2905 percussori
784 2838 890 2904 gloriam
899 2833 993 2882 minia-

88 2915 179 2967 teriiu.
187 2916 223 2966 At
232 2918 360 2972 canturio,
369 2917 485 2982 quamvis
494 2916 632 2979 inermem,
640 2910 803 2978 praevalidum
814 2924 910 2965 tamari,
919 2918 944 2955 et
952 2908 994 2953 irae

89 2988 165 3056 quim
184 2991 271 3038 timori
286 2992 433 3057 propiorem
447 3004 567 3046 cernens,
582 2986 666 3052 premi
682 2983 696 3032 d
712 2985 834 3033 militibus
847 2984 923 3048 iubet.
939 2979 994 3030 Nec

88 3066 174 3114 omisit
188 3065 288 3115 Silanus
302 3067 401 3121 obniti,
413 3077 440 3113 et
450 3063 580 3113 intendero
595 3063 675 3119 ictus,
686 3061 809 3126 quantum
818 3059 934 3108 manibus
946 3074 995 3104 nu-

88 3137 128 3187 das
139 3139 255 3201 valebat,
268 3137 352 3188 donec
362 3138 377 3187 l
387 3139 535 3187 centurione
545 3135 692 3186 vulneribus
701 3134 824 3202 adversis,
839 3145 957 3198 tanquam
968 3130 995 3177 in

87 3212 316 3280 pugnd‚caderet.
518 3267 520 3276 q

117 3288 153 3335 X.
168 3286 244 3335 Haud
259 3286 346 3336 minias
357 3284 473 3352 prompte
485 3282 519 3334 L.
532 3284 632 3343 Vetus,
642 3296 778 3347 socrusque
793 3280 845 3345 eiua
857 3279 959 3338 Sextia,
969 3285 996 3324 et

85 3358 197 3415 Pollntia
211 3362 281 3424 ntis,
300 3359 517 3428 neeemsubitre:
532 3356 870 3425 invisiprincipi,tanqnam
881 3349 1000 3412 virendo,
1044 3435 1049 3446 ἱ
