2234 3817
106 72 157 126 loo
417 80 442 119 c.
460 77 556 117 conr.
577 72 691 115 rscrrr

87 221 89 224 v
105 164 233 228 legionem
247 158 316 212 furto
327 160 407 207 noctis
417 159 563 223 adgressos,
579 157 690 206 clamore
705 139 867 205 debellauit:
882 156 1024 206 ii'eetero-¹

105 256 165 296 rum
175 239 356 286 Britannorum
366 232 517 299 fugacissimi
526 269 534 294 ,
542 231 650 296 ideoque
660 245 711 281 tarn
719 231 764 278 diu
772 223 930 296 superstites.
941 230 1024 291 Quo-

108 311 187 361 modo
197 293 272 359 silvai
280 309 406 370 saltusque
414 305 607 372 penetrantibus
615 304 781 353 fortissimum
792 303 910 368 quodque
920 303 1027 353 animal

108 386 215 445 robore,
227 382 317 449 pavida
327 393 354 450 et
365 382 453 429 inertia
466 381 522 445 ipso
535 379 644 448 agminis
661 394 724 426 sono
739 378 886 443 pelluntur5
897 379 933 426 sic
943 396 1026 428 acer·-

108 461 166 511 rimi
179 458 356 526 Britannorum
373 455 422 517 jam
435 453 532 520 pridem
547 452 694 500 ceciderunt
705 468 711 498 ε
724 452 835 515 reliquus
846 464 885 499 est
896 469 1026 503 numeru·

108 534 260 597 ignavorum
274 539 300 578 et
313 529 481 576 metuentium
494 545 500 574 ε
513 542 577 589 quos
594 524 663 589 quod
678 524 781 573 tandem
794 525 946 586 invenistis,
966 544 1025 577 nora

110 606 271 660 restiterunt,
282 599 327 647 sed
338 599 489 663 deprehensi
499 611 559 647 sunt
570 600 702 647 novissimi
717 617 722 645 :
741 597 799 645 ideo
814 610 929 648 extremo
945 611 1024 648 metu

107 693 215 742 corpora
225 672 333 721 defixere
347 674 372 721 ia
381 672 422 724 his
432 674 557 737 vestigiis,
569 674 596 720 in
609 672 701 735 quibus
711 669 845 735 pulchram
852 683 880 724 et
891 674 1026 737 spectabi-

110 749 161 799 lem
172 749 302 797 victoriam
317 745 434 796 ederetis.
446 747 588 810 Transigite
598 761 657 800 oum
667 744 872 810 expeditionibus
880 781 885 796 ,
894 745 1023 809 imponite

111 823 294 887 quinquaginta
313 820 384 868 aunis
404 836 524 883 magnum
539 820 619 877 diem,
634 819 934 883 approbstaeteipublicae
948 825 1023 866 nun-

112 914 188 963 quam
205 896 329 945 exercitui
346 895 465 960 imputari
481 895 607 961 potuisse,
625 905 669 943 aut
683 907 768 940 moras
782 891 857 952 belli,
872 899 1027 940 auocausas'

111 971 290 1022 rebellandi.»
321 997 325 1002 <
426 1005 435 1020 .
856 997 858 1002 ι

146 1046 255 1095 XXXV.
274 1044 307 1093 Et
322 1043 473 1108 adloquente
484 1038 567 1089 adhuc
578 1037 697 1104 Agricola
712 1040 821 1088 militum
831 1037 906 1086 ardor
920 1038 1024 1084 emine-

114 1121 172 1177 bat,
187 1132 212 1167 et
224 1119 301 1167 linem
312 1118 433 1165 orationis
443 1118 530 1181 ingens
541 1114 658 1161 alacritas
669 1114 872 1172 consecuta'sst,
885 1112 1023 1173 statimque

48 1205 53 1214 ¹
114 1195 146 1243 ad
159 1211 227 1242 arma
238 1192 390 1241 discursum.
401 1190 536 1240 Instinctos
547 1199 700 1252 ruentesque
711 1190 745 1237 ita
757 1187 898 1254 disposuit,
909 1197 937 1234 ut
945 1184 1023 1250 pedi-

115 1278 172 1317 turn
186 1260 292 1324 auxilia',
309 1281 361 1329 quar
380 1277 438 1313 octo
455 1262 534 1320 millia
549 1273 633 1320 mant,
650 1261 763 1309 mediam
781 1264 860 1308 aciem
874 1261 1022 1321 firmarent,

115 1342 230 1405 equiturn
246 1341 293 1390 tria
309 1337 388 1388 millia
406 1339 525 1386 cornibus
541 1334 748 1383 effunderentur:
765 1325 876 1398 legiones
890 1347 938 1396 pro
953 1328 1023 1377 rallo
1074 1326 1078 1329 ⁴

69 1428 78 1455 ί
116 1414 217 1476 stetere,
234 1414 321 1478 ingens
340 1413 448 1461 victoria
466 1411 544 1460 decus
560 1412 624 1468 citra
642 1406 786 1457 Romanum
802 1406 949 1468 sangninem
962 1400 1023 1448 bel·
1059 1463 1063 1470 1

114 1488 178 1535 lanti
187 1523 193 1543 ,
203 1499 229 1535 et
240 1488 360 1535 auxilium
367 1522 376 1550 ,
390 1488 410 1534 si
422 1487 586 1552 pellerentur.
597 1483 777 1531 Britannorum
786 1482 863 1534 acies,
875 1475 1026 1542 inspeciem

117 1561 192 1611 simul
202 1576 231 1608 ac
245 1559 381 1617 terrorem,
396 1560 547 1607 editioribus
562 1559 627 1607 locis
636 1559 811 1607 constiterant,
820 1551 862 1599 ita
872 1561 901 1598 nt
910 1551 1025 1615 primum

116 1652 206 1701 agmen
214 1652 299 1699 atquo,
309 1636 441 1699 cetertper
450 1635 544 1682 acclive
552 1632 639 1698 juguni
648 1622 752 1679 connexi
765 1625 834 1672 velut
845 1624 1022 1687 insurgerent3

117 1711 202 1760 media
214 1711 296 1775 campi
306 1710 448 1758 covinarius
458 1719 484 1756 et
494 1725 573 1773 eques
585 1705 688 1770 strepitu
699 1717 726 1748 ac
737 1699 852 1746 discursu
864 1696 1023 1761 complebat,

119 1786 186 1834 Tum
198 1784 329 1848 Agricola,
338 1795 472 1847 superante
484 1782 597 1831 hostium
610 1772 786 1830 multitudine,
798 1770 892 1824 veritus
902 1783 933 1815 ne
942 1768 1025 1815 simul

119 1858 146 1908 in
155 1858 276 1915 frontem,
288 1859 361 1905 simul
374 1869 400 1905 et
410 1860 490 1906 latera
505 1870 604 1907 suorum
615 1858 782 1915 pugnaretur,
796 1843 906 1892 diductis
921 1838 1023 1888 ‘'rdini-

118 1933 184 1990 bus,
197 1948 338 1997 quanquam
351 1933 493 1997 porrectior
503 1933 567 1980 acies
578 1928 659 1973 lutura
669 1932 724 1971 erat
730 1955 738 1985 ,
748 1932 773 1969 et
785 1912 1024 1977 arcessendarple·

67 2013 77 2076 f
117 2008 190 2071 tique
204 2008 322 2075 legiones
333 2007 515 2067 admonebant,
526 2000 668 2068 promptior
680 2000 833 2064 inopem,et
842 1989 1023 2047 firmusadver·

119 2080 169 2140 εἰς,
181 2082 285 2129 dimisso
294 2098 360 2146 equo
371 2082 448 2148 pedes
457 2093 512 2129 ante
523 2076 615 2124 vexilla
627 2075 755 2123 constitit.

150 2157 273 2205 XXXVI.
281 2156 318 2204 Ac
324 2158 407 2221 primo
416 2168 548 2219 corigressu
555 2147 653 2199 eminirs
659 2146 803 2196 certabatur
811 2162 817 2191 t
826 2139 901 2192 simul
909 2149 1024 2204 consuu-

120 2229 169 2291 ris,
189 2229 263 2277 simul
277 2242 330 2278 arte
344 2219 471 2286 Britanni,
489 2225 632 2290 ingentibus
648 2221 740 2287 gladiis
758 2231 783 2267 et
795 2217 915 2267 brevibus
933 2212 1022 2269 cetris,

118 2284 225 2355 irriensis
236 2309 381 2353 nostrorum
391 2289 484 2359 vitari,
499 2300 540 2347 vel
551 2307 685 2353 exstitere,
695 2305 770 2358 a'tqne
785 2293 836 2357 ipsi
843 2303 960 2353 magnam
970 2288 1023 2334 vim

110 2380 230 2431 ,telorum
241 2378 434 2442 superfundere:
450 2374 529 2421 donec
544 2369 663 2435 Agricola
676 2378 727 2416 tres
739 2356 891 2414 Batavorum
903 2357 1025 2408 cobortes

121 2469 150 2503 ac
159 2453 318 2517 Tungrorum
326 2454 386 2501 duas
394 2449 540 2497 cohortatus
548 2456 598 2498 est,
610 2451 699 2490 utrem
710 2440 742 2487 ad
754 2450 925 2487 mucronessc
935 2447 1025 2483 manus

122 2525 276 2575 adducerent
289 2546 294 2575 :
307 2524 374 2589 qnod
385 2521 478 2583 stipsis
491 2528 617 2566 vetustate
627 2514 723 2563 militiae
732 2511 899 2561 exercitatum
908 2543 915 2565 ,
925 2518 951 2555 ct
960 2503 1023 2553 bos·

121 2602 189 2660 tibus
200 2599 323 2659 inhabile,
335 2610 412 2661 parra
426 2604 497 2641 senta
508 2604 536 2642 et
547 2605 665 2638 enormes
676 2586 773 2653 gladios
787 2580 952 2649 gerentibus:
965 2593 1023 2626 nam

121 2674 299 2724 Britannorum
314 2666 390 2734 gladii
406 2666 461 2715 sino
479 2680 602 2713 mucrone
618 2662 780 2726 complexum
796 2668 941 2713 armorum,
956 2663 980 2699 et
995 2651 1023 2698 in

123 2737 211 2813 aperto
222 2758 329 2815 pugnam
338 2760 391 2791 non
403 2741 552 2791 tolerabant.
563 2735 644 2804 Igitur
654 2748 682 2784 ut
689 2735 777 2783 Batavi
786 2732 892 2781 miscere
900 2715 977 2784 iesus,
987 2722 1022 2774 le·

32 2823 35 2831 ’
52 2811 55 2812 ⁷
122 2823 172 2867 rire
185 2819 355 2876 umbonibus,
372 2832 415 2865 ora
427 2812 539 2878 foedare,
554 2822 581 2859 et
591 2811 676 2858 tractis
686 2807 731 2870 qui
741 2806 766 2852 in
779 2818 849 2866 oeqtro
863 2798 1023 2864 obstiterant,

123 2894 218 2957 erigere
231 2894 257 2941 in
273 2893 351 2941 colles
367 2892 446 2939 aciem
456 2886 551 2951 coepere
563 2903 570 2949 3
582 2894 670 2930 ceterae
684 2876 816 2937 cohortes,
830 2867 983 2920 emulatione
996 2877 1023 2948 et

121 2967 218 3032 inipetu
230 2968 383 3021 commista,
394 2961 523 3025 proximos
533 2972 647 3021 quosque
659 2953 754 3001 cadere
767 2968 773 2999 ι
785 2965 812 2997 ao
823 2943 933 3012 plerique
940 2955 1018 3020 semt-

121 3057 208 3099 neces,
224 3052 267 3087 aut
283 3035 389 3097 integri,
400 3031 558 3080 festinatione
569 3028 678 3075 victorie
692 3020 904 3086 relinquebantur.
917 3012 1033 3088 luteram¹

123 3116 236 3179 e'quitum
248 3124 334 3158 turine
348 3104 432 3168 sugere
443 3141 449 3160 ‚
460 3102 583 3153 eovinarii
594 3100 708 3166 pediturn
721 3115 746 3144 se
756 3094 840 3161 praelio
850 3083 987 3151 miscnlreq
997 3096 1024 3133 et

122 3199 264 3253 quanquam
277 3190 404 3227 recentem
418 3190 540 3227 terrorem
555 3176 706 3228 intulerant,
718 3169 801 3219 densis
810 3177 895 3213 tamen
911 3161 1021 3210 hostiurn
1050 3164 1054 3172 ’

123 3258 264 3325 agminibus
273 3264 298 3300 et
307 3253 468 3318 inaequalibus
477 3253 540 3299 locis
547 3248 674 3297 terebant
685 3264 691 3294 t
701 3240 853 3310 minimeque
863 3231 987 3302 equestris
992 3250 1020 3282 ea

121 3347 208 3399 pugne
219 3323 295 3398 lacios
309 3336 363 3377 erat
369 3360 376 3388 ,
387 3341 466 3394 quum
477 3328 504 3380 in
512 3323 593 3393 gradu
601 3333 709 3386 stantes,
718 3319 925 3393 sbnuleqnornm
934 3324 1021 3376 corpo:

204 3429 213 3462 t
