2234 3817
113 145 159 200 180
426 149 451 187 c.
471 147 566 186 coar.
583 140 704 186 rrorrr
739 125 753 186 ὲ

111 240 262 301 decretaque
279 244 366 281 eorum
384 228 491 295 perinde
509 228 616 277 haberin
632 227 742 293 jusserat
758 240 810 275 neae
825 225 848 278 si
865 225 1038 296 magistratui

116 311 229 363 Romani
246 306 435 357 constituissent
446 322 475 352 n:
487 320 548 352 mox
565 303 628 351 alias
645 317 692 368 per
711 301 873 366 provincias,
886 314 912 351 et
929 305 1036 355 inurbe

105 383 237 454 'pleraque
258 395 375 432 concessa
393 390 468 435 sunt,
485 394 539 442 qua
558 377 620 426 olim
641 375 656 424 i
676 375 826 440 praetoribus
844 376 1031 432 noscebantur.

112 459 235 509 Claudius
254 469 331 506 omne
344 453 381 512 ius
397 450 519 509 tradidit,
532 451 563 499 de
576 466 626 515 quo
640 450 731 497 totiens
750 439 874 512 seditione
887 462 930 504 aut
945 443 1028 501 armis

111 546 238 585 certatum
249 568 255 586 ‚
268 544 347 595 quum
358 526 516 592 Semproniis
529 524 703 591 rogationibus
718 535 837 586 equester
852 524 917 581 ordo
929 524 1031 589 inpos·

118 609 226 657 sessione
237 602 389 668 judiciorum
400 600 526 649 locaretur
539 610 601 665 3aut
612 596 714 646 rursum
725 595 835 659 Serviliae
847 597 917 662 leges
928 597 1032 647 senatui

110 681 205 747 judicia
214 675 366 727 redderent:
380 673 533 737 Mariusque
546 683 572 719 et
586 671 655 720 Sulla
668 668 778 734 olim-de
793 686 824 718 eo
838 670 881 720 vel
896 667 1026 735 praecipub

113 755 249 804 bellarent.
259 746 309 806 Sed
318 758 378 795 tunc
389 745 509 795 ordinum
520 745 618 793 diversa
629 742 726 793 studia:
737 754 763 792 et
771 758 826 806 qua
836 742 963 802 vicerant,
973 758 1027 808 pu-

111 826 178 878 blice
187 821 314 875 valebant.
327 821 356 869 C.
368 819 466 885 Oppius
482 829 509 866 et
519 818 653 867 Cornelius
661 817 755 866 Balbus
766 816 843 882 primi
853 815 956 865 Caesaris
968 815 1032 882 opi·

111 902 160 951 bus
172 898 276 965 potuere
288 893 527 957 conditiones-pacis
543 903 570 942 et
585 891 692 940 arbitria
704 890 767 938 belli
782 900 900 948 tractare.
915 891 1027 941 Mation

114 973 239 1043 posthac,
255 981 282 1019 et
298 968 409 1026 Vedios,
425 977 452 1014 et
468 977 551 1014 cetera
569 965 684 1030 equitum
701 963 876 1021 Romanorum
892 958 1030 1026 prevalida

115 1049 236 1107 nomina,
248 1040 343 1092 reletre
353 1038 417 1088 nihil
431 1038 579 1108 attinuerit3
595 1053 677 1102 quum
689 1035 811 1083 Claudius
825 1035 941 1092 libertos,
958 1048 1028 1096 quos

114 1124 153 1172 rei
164 1117 282 1168 familiari
293 1113 450 1186 prefecerat,
464 1111 562 1175 sibique
572 1110 704 1174 etlegilrus
717 1105 889 1171 adaequaverit.
959 1141 962 1146 .

149 1190 221 1240 LXI.
234 1188 333 1237 Retulit
343 1185 402 1233 dein
413 1202 428 1233 n
435 1182 466 1231 de
476 1184 639 1232 immunitate
649 1184 710 1232 Cois
722 1177 853 1231 tribuenda
860 1171 885 1242 a}
896 1176 1034 1241 multaun

118 1279 217 1330 «super
236 1260 385 1324 antiquitate
403 1273 512 1304 eorumn
527 1256 697 1308 memorarit:
718 1253 859 1319 «Argivos,
875 1250 918 1299 vel
935 1248 1031 1304 Coeum

115 1337 219 1388 Latonae
230 1346 376 1403 parentem,
395 1331 583 1380 vetustissimos
596 1330 684 1380 insulae
697 1329 824 1378 astitores:
840 1321 900 1374 mdx
918 1321 1032 1373 adventu

68 1418 72 1422 ’
117 1412 343 1477 AEsculapiiartem
354 1404 474 1456 medendi
482 1404 596 1470 illatam,
607 1404 769 1472 maximeque
778 1403 844 1450 inter
853 1397 1035 1466 posteroseius

117 1487 242 1534 celebrem
257 1483 366 1537 luisse»,
379 1480 489 1529 nomina¹
496 1480 654 1545 singulorum
666 1479 718 1526 refe
726 1492 799 1532 rens,
816 1486 842 1522 et
853 1472 946 1539 quihus
956 1472 1032 1536 quis·

118 1575 167 1625 que
177 1556 292 1607 aetatibus
302 1554 449 1617 viguissent.
462 1553 531 1611 Quin
542 1553 621 1600 etiam
634 1549 698 1598 dixit
709 1545 948 1611 u‘Xenophontem
959 1545 1034 1606 cuius
1109 1586 1115 1596 ,

119 1629 222 1683 scientii
240 1632 293 1696 ipse
308 1638 437 1693 uteretur,
456 1625 546 1674 eadem
562 1623 659 1676 familiai
676 1636 761 1672 ortum
775 1621 963 1689 :precibusque
977 1618 1034 1680 ejus

119 1706 248 1765 dandum,
263 1714 291 1751 ut
301 1702 373 1752 unani
381 1700 477 1749 tributo
491 1699 567 1746 vacui
577 1699 605 1747 in
615 1709 746 1763 posterum
759 1695 804 1746 coi
813 1730 820 1752 ,
832 1708 927 1742 sacram
938 1703 964 1738 et
973 1695 1043 1737 tan·‘

118 1781 174 1831 tiam
190 1778 230 1825 dei
247 1776 388 1825 ministram
402 1774 511 1822 insulam
523 1773 669 1822 colerentn.
681 1770 769 1833 Neque
784 1767 890 1818 dubium
899 1762 1026 1827 babetur,

118 1854 199 1903 multa
215 1846 363 1899 eorumdem
378 1848 404 1896 in
415 1847 538 1912 populum
548 1847 691 1895 Romanurn
706 1839 810 1900 merita,
827 1838 955 1901 sociasque
967 1832 1027 1883 ric-

120 1929 199 1978 torias
215 1920 330 1992 potuisse
350 1920 426 1970 tradi.
442 1918 490 1968 Sed
509 1918 631 1968 Claudius
647 1916 766 1969 facilitate
784 1910 873 1970 solid,
893 1907 965 1975 quod
981 1908 1030 1959 uui

121 2011 279 2051 concesserat
289 2034 295 2053 ,
307 1997 385 2046 nullis
399 1989 556 2044 extrinsecus
566 1989 719 2057 adjumentis
729 1988 835 2036 velavit.
1020 1979 1023 1984 ⁴

153 2072 235 2123 LXII.
245 2074 280 2121 At
289 2070 418 2137 Byzantii,
429 2064 486 2114 data
498 2062 601 2130 dicendi
612 2060 701 2129 mpii,
716 2076 799 2125 quum
809 2056 1027 2125 magnitudinem

122 2166 233 2203 onerum
252 2145 318 2213 apud
336 2154 452 2193 senatum
470 2139 682 2204 deprecarentur,
700 2146 790 2204 cuneta
802 2129 958 2198 repetivere«,
973 2128 1029 2176 orsi

123 2225 161 2273 eie
179 2220 284 2275 foedere,
298 2216 510 2282 quodgnobiscum
521 2212 632 2270 iterant,
647 2208 698 2275 qui
717 2217 864 2273 tempestate
881 2204 1036 2251 bellavimus

122 2305 242 2354 adversus
258 2314 343 2362 regem
361 2296 546 2354 Macedonum,
562 2292 605 2341 cui
622 2303 652 2339 ut
669 2288 806 2353 degeneri,
820 2282 1035 2348 Pseudophilippi

122 2379 275 2433 vocabulum
290 2378 448 2443 impositum.
463 2377 574 2426 Missas»
589 2370 697 2438 posthac
713 2366 822 2430 «copias
834 2365 859 2411 in
870 2363 1033 2412 Antiochum

121 2456 230 2515 Persen,
242 2452 429 2516 Aristonicum,
440 2464 465 2502 et
477 2451 582 2518 piratico
591 2444 660 2493 bello
671 2436 959 2505 adjutumtntonioms
971 2451 1031 2483 nse-

123 2530 272 2591 merebant,
288 2533 413 2592 aquaeque
423 2528 512 2584 Sullae,
523 2533 566 2571 aut
581 2516 706 2573 Lucullo,
723 2512 767 2561 stit
779 2509 900 2576 Pompeio
915 2508 1030 2558 obtulis-

125 2618 182 2657 sent
189 2622 204 2652 s
214 2623 219 2651 ι
234 2619 292 2652 mox
306 2604 438 2651 «recentia
446 2604 472 2650 in
487 2602 594 2649 Cesares
604 2591 706 2649 merita,
716 2585 820 2652 quando
828 2602 857 2635 ea
864 2584 921 2633 loca
931 2581 1029 2634 inside-

123 2692 182 2731 rent
192 2716 197 2736 ‚
207 2692 261 2742 quae
271 2676 483 2727 transmeantibus
491 2668 676 2731 terrinrerique
688 2658 1035 2723 ducibusvstseruitibu‘sque,

125 2751 200 2802 simul
218 2749 333 2797 vehendo
344 2760 487 2797 commeatu
499 2756 641 2812 opportuna
650 2738 766 2791 iurent».

86 2879 89 2884 Ἴ
157 2820 253 2869 LXIII.
265 2822 378 2883 Namque
388 2820 517 2867 artissimo
530 2821 598 2866 inter
607 2816 739 2878 Europam
750 2808 887 2871 Asiamque
905 2799 1018 2851 diiortio
1025 2836 1040 2860 ,

125 2897 276 2965 Byzantium
291 2896 316 2944 in
330 2894 444 2943 extremi
458 2893 559 2959 Europi
574 2889 681 2956 postrere
698 2884 795 2940 Graeci,
807 2882 899 2945 quihus
912 2874 1036 2941 Pythium

124 2972 270 3037 Apollinem
287 2966 491 3022 consulentibus,
513 2951 582 3012 dubi
599 2962 739 3011 conderent
760 2957 851 3003 urbem
864 2970 894 3013 n,
907 2947 1039 2997 redditum

125 3044 256 3095 oraculum
270 3053 324 3107 est,
342 3051 507 3103 «quererent
525 3037 614 3085 sedem
634 3043 756 3085 caecorum
781 3031 854 3078 terris
868 3023 998 3074 nniversam
1006 3036 1033 3070 u.

47 3177 51 3178 ⁷
125 3118 161 3171 Ed
173 3119 277 3183 ambage
292 3113 458 3164 Chalcedonii
477 3110 701 3171 monstrabantur,
716 3103 786 3170 quod
797 3103 895 3168 priores
911 3097 971 3146 illuc
986 3094 1035 3146 ad·
1070 3145 1072 3150 ,

128 3197 203 3251 vecti,
213 3192 319 3259 praevisi
330 3194 445 3240 locorum
456 3190 576 3249 utilitate,
586 3185 672 3252 pejora
680 3185 813 3249 legissent.
822 3178 924 3242 Quippe
934 3174 1035 3238 Byzan-

127 3270 193 3317 tium
205 3265 282 3312 territt
298 3264 370 3323 solo,
385 3260 543 3322 fecundoque
556 3260 637 3321 mari,
652 3256 709 3321 quia
726 3256 763 3303 vis
777 3251 883 3318 piscium
900 3248 1034 3295 innumera

126 3338 238 3390 Pontum
247 3333 538 3397 erumpens,etobliquis
544 3323 790 3378 subterundasaaxis
796 3324 915 3371 exterrita
922 3327 932 3377 ,'
937 3319 1036 3380 omisso

125 3410 228 3486 alterins
238 3406 332 3458 littoris
343 3406 423 3470 flexu,
440 3403 487 3453 bos
498 3401 529 3451 ad
541 3400 760 3468 persuadebatur.
774 3395 852 3450 Unde
860 3390 943 3461 priuati
952 3406 1038 3462 quaeq
