2234 3817
132 110 182 165 568
446 127 471 167 e.
493 126 587 179 coen.
610 127 732 169 raeiri
811 178 818 183 k

135 206 218 267 tellii,
232 205 366 260 victrices:
378 220 402 261 et
413 210 480 275 apud
490 213 584 272 victos,
596 214 653 278 plus
665 214 907 279 querimoniarum,
921 219 1002 283 milam
1013 220 1057 269 vi·
1092 266 1093 269 ,

132 281 201 333 rium
214 299 221 328 ι
235 281 329 330 fluxam
348 300 393 349 per
414 283 552 334 discordias
571 289 682 337 militum
698 290 790 348 fidem,
812 303 840 338 et
860 292 1010 356 perieulum
1024 306 1052 341 et
1092 334 1093 337 ,

134 348 248 416 einguli'e.
260 354 331 416 Quid
341 356 410 404 enim
418 358 565 422 profuturae
575 361 691 421 cohortes
700 365 805 429 alasque
816 365 855 420 ‚ei
866 383 936 413 unus
946 367 1054 429 alterque

132 428 250 490 praesenti
259 426 369 489 facinore
379 443 497 495 peratum
508 450 540 481 ex
551 434 653 493 diverso
666 440 801 502 premium
817 437 917 504 petat?
933 439 976 487 Sic
990 439 1054 486 Scri·

134 502 273 562 leonianum
283 504 329 552 suh
345 505 450 554 Claudio
461 504 637 576 interfectum,
652 514 688 560 sic
696 529 884 578 percussorem
898 512 969 577 ejus,
979 513 1053 561 Vola-

135 574 248 638 ginium,
263 576 276 624 ὲ
289 580 402 641 gregario
418 579 450 627 ad
463 595 562 631 summa
574 585 673 634 militiae
684 599 854 653 provectum.
871 584 986 635 Faciliiie
1000 583 1054 653 uni·

134 661 221 695 versos
231 648 342 712 impelli,
355 650 430 714 quim
444 652 555 719 singulos
569 657 654 708 vitari.

163 712 283 772 LXXVI.
300 723 348 771 His
360 726 497 789 pavoribus
508 741 659 793 nutantem,
673 743 698 780 et
711 731 754 779 alii
770 733 859 798 legati
871 731 997 793 amicique
1009 727 1055 775 fir·

135 792 252 851 mebant,
266 806 292 843 et
301 797 450 860 Mucianus,
461 809 519 866 post
528 805 793 869 multosseeretosque
807 820 962 864 sermones,
972 800 1025 865 jam
1033 810 1057 847 11

135 864 223 913 carim
233 868 267 915 its
278 869 379 919 locutus
390 889 397 919 :
409 888 424 919 a
435 873 530 924 Omnes
542 880 586 942 qui
598 876 746 944 magiarum
757 895 851 929 renim
861 873 971 927 consilia
980 873 1057 921 susci-

56 962 61 967 ν
93 972 99 981 ,
134 937 224 1003 pient,
238 942 364 990 1111111111
378 942 488 1007 debent,
505 966 536 997 an
556 951 625 1013 quod
642 950 793 1013 inchoatur,
811 951 968 1018 reipublice
982 946 1057 1007 utile,

112 1032 118 1051 .
135 1010 198 1076 ipsis
211 1013 368 1078 gloriosum,
386 1031 432 1068 aut
449 1036 598 1089 promptum
612 1016 719 1083 ellectu,
735 1038 779 1087 aut
790 1026 938 1075 certevnon
953 1018 1057 1070 arduum

134 1082 175 1129 sit.
188 1085 270 1134 Simul
280 1090 343 1154 ipse,
355 1094 397 1154 qui
409 1093 508 1151 suadet.
521 1098 720 1149 considerandae
730 1112 777 1157 est,
791 1100 938 1163 adiiciatne
953 1093 1057 1143 0011ῦί110

137 1155 279 1216 pericnlum
293 1176 368 1209 auum
381 1180 387 1211 ε
399 1166 438 1220 11,
454 1167 476 1214 11
492 1166 594 1219 fortuna
608 1174 699 1239 coeptis
717 1171 845 1231 adiuerit,
864 1172 911 1220 cui
928 1180 1057 1219 summum

137 1221 214 1276 decus
226 1228 384 1295 adquiratur.
401 1236 454 1301 Ege
466 1248 509 1301 te,
521 1243 692 1310 Vespasium,
705 1247 737 1295 ad
749 1247 892 1312 imperium
910 1257 994 1303 voco,
1008 1251 1056 1286 11111

135 1299 244 1352 calutate
251 1305 392 1371 reipublicae
401 1310 476 1374 quiem
487 1314 533 1363 tibi
541 1319 737 1382 magnificuml
740 1331 799 1368 uxta
808 1318 884 1379 deos,
893 1319 920 1366 in
930 1312 974 1364 tud
983 1324 1055 1360 11111111

56 1419 59 1425 ,
107 1404 110 1407 v
136 1374 252 1439 positum
268 1391 316 1429 est.
335 1380 390 1430 Nec
411 1385 523 1449 speciem
542 1390 670 1440 adulantis
687 1396 836 1459 expaveris:
853 1391 869 1440 a
886 1381 1057 1441 contumelia,-

136 1446 236 1510 quiimei
248 1450 322 1501 lande
334 1457 441 1522 propius
452 1457 546 1524 luerit,
560 1475 619 1528 post
627 1466 762 1514 Vitellium
774 1466 843 1530 eligi.
858 1464 924 1514 Non
935 1459 1055 1510 adversus

137 1520 192 1568 diri
200 1521 310 1588 Augusti
318 1531 468 1580 acerrimam
480 1546 593 1582 mentem
600 1573 608 1599 ‚
621 1553 668 1596 nec
677 1537 798 1588 advertus
810 1537 998 1587 cautissimam
1008 1528 1054 1579 Ti-

135 1591 200 1651 111111
217 1611 388 1659 senectutem,
401 1620 431 1651 ne
441 1614 528 1652 contra
541 1609 592 1654 Caii
608 1610 711 1671 quidem
723 1624 767 1659 aut
780 1612 881 1660 Claudii
891 1646 900 1669 ,
915 1611 959 1658 vel
972 1607 1055 1656 Nero·

46 1733 55 1747 .
133 1668 191 1723 nis,
203 1667 334 1721 fundatam
342 1675 418 1739 longo
434 1675 539 1737 imperio
549 1675 655 1728 domum
666 1685 826 1745 exsurgimus
837 1701 843 1729 :
855 1682 964 1730 cessisti
977 1680 1054 1727 etiam

139 1739 226 1791 Galliae
238 1744 407 1810 imaginihus:
419 1758 518 1812 torpere
528 1749 612 1811 ultra¹
624 1762 650 1799 et
660 1751 824 1818 polluendam
835 1750 1056 1819 perdendamque

118 1854 119 1857 ,
135 1817 321 1882 rempublicam
338 1820 496 1886 relinquere,
513 1824 591 1889 sopor
607 1835 634 1874 et
651 1824 749 1890 ignavis
766 1825 915 1888 rideretur,
932 1823 1017 1872 etiarn
1036 1820 1056 1870 si

137 1887 202 1954 tibi,
219 1890 295 1956 quiem
314 1893 463 1958 inhonesto,
482 1907 534 1945 tam
555 1909 611 1947 1111
630 1901 739 1949 11111111
757 1912 832 1952 esset.
852 1899 929 1950 Abiit
944 1898 1011 1961 iarn,
1028 1904 1052 1943 et

137 1972 311 2027 transvectum
327 1974 367 2018 est
384 1979 501 2036 tempus,
516 1962 570 2034 quo
581 1970 765 2037 posses'videri
777 1975 928 2040 concupisse
940 1989 948 2019 :
961 1968 1052 2019 coniu-

137 2035 259 2099 giendnm
269 2051 306 2089 est
314 2039 347 2089 ad
358 2043 504 2107 imperium.
515 2043 558 2095 An
568 2049 663 2096 excidit
672 2047 812 2098 trucidatus
822 2042 959 2097 Corbulo?
971 2043 1051 2117 splen·

138 2107 222 2160 didior
231 2106 345 2177 origine,
357 2115 435 2176 quam
446 2134 492 2165 nos
503 2134 606 2181 sumus,
619 2116 716 2170 fateor}
730 2120 775 2170 sed
785 2134 810 2170 et
820 2122 907 2178 Nero,
918 2116 1048 2168 nobilitate

138 2186 275 2246 natalium,
295 2187 429 2251 Vitellium
447 2193 569 2242 anteibat.
586 2196 652 2243 Satis
671 2197 754 2244 clarus
773 2208 812 2245 est
831 2196 901 2262 apud
920 2196 1050 2245 timentem

79 2297 83 2300 Α
137 2257 250 2319 quisquis
266 2258 379 2309 timetur.
393 2259 427 2308 Et
440 2279 514 2325 posse
525 2266 557 2312 ab.
569 2266 684 2316 exercitu
695 2270 839 2334 principem
850 2271 924 2332 lieri,
937 2267 987 2317 sibi
998 2263 1047 2328 ipit

137 2329 257 2383 virent...
280 2327 459 2389 tenemento,
474 2335 551 2382 nunu
571 2338 723 2400 stipendus,
744 2340 816 2388 nuria
838 2342 947 2391 maritari
970 2333 1046 2394 fami.

112 2434 120 2449 ,,
137 2397 222 2446 Gaiae
243 2397 302 2447 odio
318 2402 465 2464 provectui.
484 2405 523 2452 Ne
543 2407 673 2465 Othonem
690 2408 796 2472 quidem
815 2412 889 2462 ducis
913 2427 987 2473 arte,
1008 2415 1047 2459 etl

134 2469 262 2521 exercitiis
280 2471 321 2536 11,
337 2472 381 2521 sed
400 2476 557 2541 preproperi
575 2480 653 2543 ipsius
673 2480 852 2546 desperatione
864 2487 984 2548 vietum,
998 2484 1043 2548 itm

138 2543 333 2597 desiderabilem
345 2557 370 2595 et
378 2564 500 2614 magnum
507 2551 651 2617 principem
661 2553 730 2603 lecit.
742 2556 829 2620 Quum
839 2560 947 2611 iuterim
958 2553 1044 2625 11111511

139 2619 266 2684 legiones,
277 2633 387 2672 exarmat
402 2623 533 2685 cohortes,
546 2643 613 2675 nova
630 2629 744 2692 quotidie
760 2631 831 2681 bello
846 2636 943 2684 semina
959 2630 1043 2681 minis·

139 2703 190 2742 1111
201 2695 241 2743 :ei
252 2696 314 2758 quid
324 2696 422 2745 ardoris
432 2714 460 2745 ae
469 2696 568 2748 leruciae
580 2701 655 2749 miles
668 2701 766 2767 habuit,
778 2706 892 2772 popinis,
908 2721 934 2756 et
944 2715 1040 2754 comet·

91 2760 94 2763 ¹
139 2768 299 2828 sationibus,
314 2781 340 2821 et
353 2773 474 2839 principis
489 2774 646 2835 imitatione,
664 2775 797 2861 deteritqr.
811 2780 869 2828 Tibi
881 2781 895 2828 ὲ
906 2778 1003 2835 ludaei,
1018 2780 1041 2821 tt
1061 2790 1063 2799 ‘

138 2842 225 2906 Syrie,
243 2842 269 2891 11
278 2844 390 2910 AEgypto
402 2865 493 2897 novem
504 2849 616 2914 legiones
626 2852 744 2917 integrae.
756 2854 825 2903 nulli
835 2857 887 2903 acie
901 2854 1023 2904 exhauste
1030 2880 1039 2904 ,

139 2928 190 2958 non
198 2912 328 2975 discordiai
340 2933 463 2986 corrupta
475 2939 480 2969 :
493 2921 537 2969 aed
548 2924 663 2972 firmatus
674 2942 722 2973 usu
732 2927 818 2986 miles,
827 2939 852 2974 et
860 2927 919 2975 belli
928 2923 1038 2972 domitor

139 2986 246 3033 externi.
258 2987 395 3050 classium,
406 2996 501 3043 alarum
512 2991 519 3053 .
529 2997 674 3048 cohortium
684 2999 790 3066 robora3
799 3011 824 3050 et
832 2999 946 3050 fidissimi
952 3009 1038 3062 regei}

141 3066 166 3102 et
179 3067 221 3104 tua
231 3068 288 3104 ante
299 3074 387 3110 omnes
397 3068 563 3130 experientia.
918 3072 921 3077 ’

171 3127 305 3181 LXXVII.
323 3137 428 3186 »Nobis
447 3136 512 3188 nihil
530 3141 597 3192 11111
609 3144 743 3207 arrogsbo,
756 3141 828 3208 quini
838 3161 870 3194 ne
879 3141 1036 3210 postvalffl‘

140 3211 235 3255 temam
248 3203 372 3269 Caecinam
383 3204 553 3262 numeremur.
563 3215 602 3262 Ne
610 3227 695 3264 tamen
705 3208 852 3267 1111111111
864 3221 1035 3280 soenimapw·

140 3273 222 3333 veris,
242 3278 300 3339 quia
318 3285 435 3359 afnulum
455 3301 507 3332 non
526 3288 649 3349 experiris
662 3305 669 3336 ι
680 3305 721 3337 me
741 3290 844 3338 Vitellio
861 3294 994 3358 anteponor
1010 3292 1033 3328 ‘⁸

138 3345 212 3396 1111111.
228 3347 288 3400 Tne
304 3348 393 3405 domui
409 3355 563 3423 triumphale
579 3375 688 3422 nomen,
705 3361 756 3413 duo
771 3362 891 3428 juvenes,
905 3359 1032 3432 tapnim

191 3500 201 3526 N
