2234 3817
144 178 195 247 574
424 200 429 229 ,
466 182 490 219 c.
512 182 607 219 cona.
630 177 745 219 rtcrrr

144 273 299 340 flagitiorum
309 267 384 337 ipsis,
396 265 557 334 quiaderant
564 304 573 329 ,
588 267 710 331 omnique
719 265 812 327 Italii,
825 280 959 334 perquam
971 280 1048 315 semu

145 359 172 398 et
183 348 244 397 luxu
260 342 393 413 pudendus
411 340 557 391 incesserat.
573 340 672 406 Vulgus
685 352 789 400 tamen,
808 357 922 390 vacuum
938 341 1018 399 euris,
1030 353 1051 392 et

145 423 198 480 sine
207 421 263 471 salsi
273 420 373 484 verique
382 417 528 467 discrimine
539 416 626 467 solitas
638 415 798 469 adulationes
806 415 943 480 edoctum,
952 416 1051 466 clamere

143 508 172 546 et
181 495 286 546 vocibus
296 490 456 558 adstrepebat
466 509 473 540 z
484 490 656 556 abnuentique
665 507 759 540 nomen
767 491 912 562 Augusti,
920 489 1051 556 expressere

132 582 172 623 ·ut
183 576 337 627 assumeret,
348 578 401 615 tam
412 565 515 627 frustra,
525 564 602 630 quim
610 577 780 616 recusaverat.

175 641 245 693 XCI.
260 639 337 707 Apud
354 639 485 688 civitatem
500 649 592 688 cuncta
605 639 835 706 interpretantem,
855 636 952 688 funesti
968 636 1050 686 ominis

142 716 199 766 loco
211 726 342 781 acceptum
356 721 410 773 est,
422 712 491 777 quaid
502 713 645 762 maximum
656 714 837 778 pontificatum
852 711 960 778 adeptus
970 709 1051 760 Vitel-

140 789 204 848 lius,
222 787 253 837 de
265 786 415 837 cerimoniis
428 783 534 852 publibis
548 803 591 836 xv.
602 786 663 837 Kal.
677 787 744 853 Aug.
759 787 903 844 edixisset,
919 780 1051 846 antiquitus

141 856 251 912 insiusto
266 861 481 910 dieCremerensi
498 859 659 926 Alliensique
671 861 788 911 cladibus
802 879 809 910 :
827 861 897 911 adeo
908 859 989 909 omnis
1000 855 1049 904 bu·

137 937 211 1003 ‘mani
226 935 359 1000 divinique
373 933 437 998 juris
453 929 557 1001 expers,
570 937 624 1001 pari
634 935 785 985 libertorum
803 935 999 996 amicorumque
1009 945 1048 977 ⁵⁰·

80 1072 84 1077 .
141 1006 228 1058 sordid
234 1045 242 1071 ‚
252 1009 323 1066 ‚velut
332 1007 398 1055 inter
407 1008 561 1058 temulentos
571 1010 669 1074 agebat.
680 1008 731 1056 Sed
737 1009 845 1057 comitia
852 1007 989 1056 consulum
997 1017 1050 1050 eum

140 1080 282 1130 candidatis
291 1080 401 1129 civiliter
411 1081 555 1144 celebrans,
566 1097 669 1130 omnem
678 1081 770 1129 intimae
779 1081 866 1146 plebis
874 1091 1003 1129 rumorem
1011 1110 1017 1133 ,
1026 1076 1050 1120 in

64 1168 77 1177 ”
139 1152 240 1202 theatro
251 1166 280 1202 ut
294 1165 430 1218 spectator,
441 1156 467 1201 in
475 1155 542 1204 circo
554 1153 819 1204 utiautorailectarit:
832 1171 908 1219 quae,
919 1161 986 1217 grata
996 1145 1049 1196 rani

140 1235 168 1274 et
184 1228 334 1293 popularia,
359 1227 380 1275 si
399 1224 413 1274 'a
434 1229 574 1279 virtutibus
594 1229 832 1295 proficiscerentur,
857 1222 1050 1278 memorianus

139 1300 245 1367 prioris,
260 1300 377 1350 indecora
389 1311 415 1349 et
427 1303 488 1352 vilia
498 1304 698 1370 accipiebantur.
712 1304 868 1353 Ventitabat
880 1304 909 1350 in
924 1306 1050 1351 senatum.

142 1375 219 1424 etiam
232 1393 311 1441 quum
317 1379 400 1443 parvis
409 1377 440 1427 de
453 1379 528 1434 rebus
540 1391 625 1446 patres
635 1379 838 1429 consulerentur.
853 1380 893 1427 Ac
906 1372 972 1431 fortb
986 1368 1051 1418 Prius

138 1464 184 1497 cus
195 1448 342 1510 Helvidius,
351 1454 444 1517 praetor
452 1451 610 1519 designatus,
618 1466 707 1501 contra
716 1452 830 1503 studium
843 1452 902 1516 ejus
909 1452 1049 1497 censuerat·

138 1522 290 1572 Commotus
303 1524 387 1590 primd
401 1525 535 1592 Vitellius,
555 1546 607 1577 non
626 1529 711 1577 temen
726 1526 804 1587 ultr'a,
815 1525 895 1592 quim
907 1521 1049 1572 «Tribunos

135 1595 219 1662 plebis
231 1597 256 1645 in
269 1598 394 1648 auxilium
407 1602 665 1666 spretaspotestatisn
676 1601 818 1650 advocarit.
829 1603 895 1650 Mox
906 1591 1049 1659 mitiganti·
1107 1616 1108 1681 p

97 1712 115 1720 ..
136 1668 186 1719 bus
195 1672 297 1731 amicis,
309 1674 353 1737 qui
362 1671 478 1727 altiorem
486 1673 642 1720 iracundiam
652 1674 707 1735 ejus
716 1675 880 1730 serebantur,
889 1690 905 1720 (ι
912 1669 980 1720 nibil
992 1664 1050 1715 nori
1107 1688 1108 1731 p

137 1745 279 1796 accidisset)
291 1746 435 1815 respondit,
449 1745 543 1810 nqubd*
551 1746 601 1794 duo
615 1759 744 1795 senatores
755 1750 781 1795 in
791 1745 926 1812 republica
944 1743 1048 1790 dissen-

137 1818 215 1869 tirent
231 1839 237 1869 :
251 1823 353 1871 solitum
365 1837 390 1870 se
408 1821 485 1870 etism
496 1818 612 1870 Thrasea
625 1818 796 1879 contradicere
805 1840 830 1868 n.
844 1816 955 1867 irrisere
967 1814 1051 1880 pleri·

138 1909 186 1957 que
205 1895 392 1961 impudentiam
409 1895 577 1945 emulationis
593 1912 600 1945 t
616 1894 670 1942 aliis
684 1891 711 1940 id
725 1894 809 1958 ipsum
827 1891 964 1958 placebat,
979 1882 1049 1950 qnbd

137 1968 266 2017 neminem
277 1986 308 2018 es
318 1971 536 2040 prepotentibus,
547 1967 686 2020 Thraseam
697 1966 730 2018 ad
743 1967 873 2034 exemplar
886 1980 952 2016 aera
965 1961 1048 2029 gloria

138 2039 250 2106 legisset.
625 2056 628 2061 ·

173 2117 256 2168 XCll.
269 2116 443 2184 Praposuerat
453 2111 610 2185 praetorianis
622 2120 652 2168 P.
664 2118 803 2180 Sabinum,
815 2118 829 2167 lt
839 2111 991 2184 prefecturd
1003 2126 1045 2158 co-

140 2191 234 2254 hortis,
252 2193 349 2240 Julium
364 2191 498 2250 Priscum,
514 2195 570 2240 t'um
584 2193 779 2242 centurionem:
796 2192 898 2244 Priscus
914 2185 1045 2240 valensis,

141 2336 297 2387 auctoritatis
307 2353 312 2378 :
324 2335 411 2383 munia
420 2335 523 2399 imperii
532 2337 628 2385 Carcine
637 2350 666 2386 ac
675 2339 771 2389 Valens
781 2341 887 2387 obibant
893 2359 901 2397 3
912 2338 978 2388 olim
985 2328 1046 2383 antii

141 2264 247 2314 Sabinus
264 2263 364 2310 Caecinae
381 2263 462 2324 gratis
475 2265 614 2328 pollebant.
633 2266 703 2315 Inter·
715 2266 858 2325 discordes,
870 2262 980 2317 Vitellio
990 2254 1047 2308 nibil
1107 2268 1108 2285 ¹

1107 2296 1109 2367 l

140 2408 217 2460 odiis,
226 2421 280 2467 qnae
289 2442 295 2461 ‚
305 2404 373 2465 bello¹
381 2416 407 2454 et
416 2407 505 2455 castris
513 2409 580 2456 mals
589 2410 760 2475 dissimulata,
770 2413 880 2475 pravitas
889 2412 1042 2461 amicorum,
1061 2420 1063 2423 '
1107 2462 1108 2471 ,

139 2490 166 2530 et
180 2477 287 2535 fecunda
302 2478 433 2545 gignendis
453 2480 590 2539 inimicitiis
607 2481 696 2529 civitas
712 2476 834 2549 disparat,
851 2484 917 2534 du'm
934 2484 1042 2540 ambita,
1107 2488 1108 2495 ’

140 2555 277 2612 comitatu,
289 2566 314 2603 et
322 2554 451 2601 immensis
461 2552 627 2600 salutantium
637 2554 782 2619 agminibus
791 2559 968 2618 contendunt,
977 2569 1041 2606 com·

140 2641 328 2699 putanturque3
344 2629 421 2696 pariis
438 2629 464 2677 in
478 2627 547 2676 bunc
564 2639 608 2676 aut
623 2628 696 2676 illurn
710 2630 813 2680 Vitellii
829 2630 1040 2684 inclinationibus·

136 2700 198 2758 ‘Nec
212 2722 325 2770 unquam
334 2704 393 2755 sa'tis
401 2694 591 2772 fida-potentia,
606 2704 650 2752 ubi
661 2705 738 2754 nimia
750 2717 798 2755 est.
811 2706 892 2756 Simul
905 2710 987 2776 ipsum
996 2698 1040 2749 Ἦ·

125 2805 127 2811 ¹
142 2781 257 2839 sellium,
269 2781 359 2830 subitis
371 2779 471 2829 offensis
487 2791 531 2828 aut
543 2777 730 2845 intempestivis
742 2780 872 2831 blanditiis
882 2778 1040 2830 mutabilems

140 2855 340 2907 contemnebant
350 2858 555 2921 metuebantque,
567 2854 620 2903 Nec
632 2859 663 2904 eo
673 2855 774 2922 segnitia
787 2859 927 2906 invaserant
939 2854 1043 2909 domata
1096 2876 1109 2921 J

141 2929 247 2987 hortos,
258 2938 368 2996 opesque
379 2931 496 2998 imperii:
508 2948 586 2995 quum
599 2930 690 2980 flebilis
700 2943 726 2979 et
737 2947 812 2996 egens
822 2931 942 2980 nobilium
957 2922 1042 2976 turbas

141 3019 206 3067 quos
221 3002 290 3066 ipsos
306 3003 449 3067 liberosque
466 3006 551 3071 patria
568 3004 649 3052 Galba
664 3003 823 3065 reddiderat,
838 3001 904 3050 nulli
921 2994 1055 3067 principis'
1107 3014 1108 3019 ¹

85 3122 90 3129 x
141 3072 319 3131 misericordia
326 3073 480 3135 juvarentur.
492 3077 600 3127 Gratum
609 3076 764 3141 primoribus
772 3075 892 3134 civitatis,
901 3077 976 3122 etiam
985 3069 1040 3134 1¹¹0-

140 3149 186 3199 lies
197 3145 362 3211 approbavit,
381 3147 451 3210 qubd
470 3152 577 3198 reversis
591 3150 623 3197 ab
639 3150 734 3198 exsilio'
744 3149 796 3213 jura
810 3142 960 3197 libertorum
976 3158 1036 3191 con·

140 3222 271 3270 cessisset:
294 3237 438 3284 quanquam
456 3220 484 3268 id
503 3225 573 3272 omui
594 3222 671 3271 modo
692 3222 793 3273 servilia
813 3222 1034 3288 iugeniacotrum-

99 3334 103 3339 ,
139 3295 246 3360 pebaut,
265 3291 356 3341 abditis
376 3297 489 3357 pecuniis
504 3313 548 3361 per
567 3299 700 3357 occultos,
729 3308 772 3344 aut
785 3297 934 3348 ambitiosos
951 3298 1031 3344 sirius:

110 3440 121 3443 a
140 3378 166 3412 ‘³‘
179 3364 282 3447 quidm
296 3366 322 3431 ῖς
339 3364 443 3423 (imnum
455 3371 558 3421 earam
575 3371 741 3436 transgressi,
763 3383 838 3435 atque
857 3374 917 3439 ipsis
932 3361 1033 3422 dorninis

138 3448 306 3497 potentiores.
370 3446 374 3451 ’
