2234 3817
111 117 161 169 2246
429 127 454 162 e.
473 118 703 188 coartqucrrr

113 211 173 279 pbat
186 207 270 260 clades
285 212 321 260 rei
337 209 432 260 navalis
447 209 585 274 accipitur,
600 225 652 256 non
670 206 738 256 bello
755 204 864 274 (quippe
878 204 949 256 haud
964 206 1028 258 aliia

115 298 168 334 tam
184 287 289 333 immota
301 283 384 350 pax),
398 281 441 331 ted
453 293 552 330 certum
568 280 600 329 ad
618 280 686 330 diem
702 280 750 329 rtin
764 281 929 345 Campaniam
941 280 1028 329 redire

115 361 245 409 classem»
261 359 330 407 Nero
344 357 467 421 jusserat,
482 371 536 403 non
548 355 662 420 exceptis
676 356 754 403 maria
774 354 881 405 caribus.
896 357 965 422 Ergo
978 371 1028 420 gat·

116 433 277 493 bernatores,
291 431 405 497 quamvis
421 430 538 478 seviente
546 428 645 493 pelago,
657 426 669 475 b
679 429 788 476 Formiis
797 429 910 488 morire,
921 444 947 480 et
957 432 1029 495 gravi

118 507 220 569 Africo,
230 505 291 555 dum
302 507 505 572 promontorium
514 503 606 552 Miseni
616 517 734 567 superare
745 502 917 563 contendunt,
930 507 1027 556 Cuma-

118 581 157 629 nir
175 581 302 629 littoribus
317 579 433 644 impacti,
451 576 595 627 triremium
608 576 756 646 plerasque,
774 588 800 626 et
812 578 912 627 minora
925 580 1028 647 navigia

116 654 209 721 passim
221 654 370 703 amiserunt.
1005 711 1013 721 Δ

150 726 258 775 XLVII.
270 728 333 775 Fine
344 728 406 776 anni
415 725 550 790 vulgantur
563 722 681 789 prodigia
697 724 886 774 imminentium
899 725 1028 776 malcrum

117 803 217 853 nuntia.
230 802 277 852 Vis
288 801 417 867 fulgurum
429 818 481 854 nun
492 799 552 849 aliis
564 799 691 860 crebrior,
706 811 731 849 et
744 800 813 849 sidus
825 813 953 859 cometes,
966 817 1029 850 san»

119 878 196 943 guine
209 876 301 924 illustri
311 892 408 941 semper
420 875 518 924 Neroni
532 875 674 939 expiatum.
686 874 806 940 Bicipites
819 873 952 923 bominum
962 875 1031 923 alio·

121 966 209 1000 rumve
225 949 371 999 animalium
382 962 470 1018 partus
481 948 574 1013 abjecti
586 949 612 996 in
629 946 760 1014 publicum
767 985 775 1012 ,
794 955 836 997 aut
848 949 874 997 in
886 948 1029 1010 sacrificiis,

121 1023 214 1087 quibua
228 1023 344 1086 gravidas
357 1023 450 1073 hostias
467 1022 598 1072 immolare
613 1036 671 1070 mos
686 1032 741 1078 est,
755 1022 861 1088 reperti.
879 1023 912 1071 Et
928 1023 953 1070 in
969 1035 1032 1087 agro

120 1097 280 1159 Placentino,
291 1099 358 1145 viam
366 1104 483 1164 propter,
495 1108 568 1145 natus
578 1094 686 1151 vitulus,
699 1095 742 1144 cui
752 1106 828 1161 caput
838 1096 865 1143 in
876 1112 948 1143 crure
956 1103 1032 1144 esset.

122 1167 261 1233 &colaque
271 1167 434 1236 haruspicum
448 1168 621 1235 interpretatio
634 1186 640 1217 ι
653 1169 756 1234 «parari
767 1178 851 1217 rerum
862 1166 1032 1218 bumanorum

124 1240 194 1289 aliud
202 1254 277 1307 caput
286 1260 292 1292 ε
304 1244 349 1292 sad
355 1260 407 1291 non
414 1242 468 1292 fore
477 1242 606 1304 validum,
615 1257 695 1307 neque
703 1242 832 1294 occuitum
840 1262 847 1305 3
856 1243 916 1308 quia
924 1244 950 1290 in
958 1253 1033 1291 utero

122 1329 282 1377 repressum,
296 1329 340 1365 aut
350 1318 399 1364 iter
411 1316 480 1378 juxta
492 1314 591 1363 editum
602 1316 668 1365 situ.

125 1432 136 1444 ,
154 1384 275 1435 XLVlll.
286 1387 378 1437 Ineunt
388 1388 478 1438 deinde
489 1389 652 1438 consulatum
663 1390 739 1439 Silius
749 1388 845 1448 Nerva,
857 1387 958 1437 Atticus
968 1389 1037 1437 Ves-

124 1456 206 1517 tinus,
218 1461 299 1522 cocptd
313 1463 389 1509 simul
402 1475 427 1508 et
439 1460 513 1510 aucti
523 1462 710 1523 coniuratione,
728 1463 754 1509 in
766 1478 841 1525 quam
856 1462 973 1510 certatim
987 1478 1036 1509 no·

123 1529 192 1575 mina
202 1528 338 1591 dederant,
348 1545 491 1589 senatores,
501 1549 592 1594 eques,
601 1533 688 1596 miles,
698 1531 798 1581 feminae
808 1534 884 1582 etiam
892 1569 898 1591 ,
907 1531 967 1582 cr'un
974 1534 1037 1584 odio

123 1601 243 1664 Neronis,
259 1614 312 1651 tum
328 1602 413 1651 lavore
425 1603 451 1650 in
465 1604 492 1650 C.
505 1602 638 1650 Pisonem.
653 1603 678 1651 la
694 1605 830 1668 Calpurnio
846 1620 936 1668 genere
950 1617 1039 1671 ottus,

125 1689 154 1722 ac
161 1674 253 1721 multas
261 1674 417 1739 insignesque
425 1671 531 1722 familias
539 1672 644 1737 paternd
650 1676 784 1724 nobilitate
794 1678 957 1741 complexus,
965 1680 1038 1727 claro

125 1744 193 1812 apud
207 1747 311 1812 vulgum
321 1761 421 1795 mmorc
436 1757 504 1804 erat,
519 1759 563 1811 per
580 1745 717 1805 virtutem,
729 1758 774 1796 aut
788 1748 885 1813 species
897 1748 1041 1798 virtutibus

126 1819 231 1870 similes.
246 1820 359 1885 Namque
373 1819 517 1868 facundiam
529 1816 633 1868 tuendis
643 1818 741 1868 civibus
757 1818 903 1879 exercebat,
914 1820 1039 1887 largitio-

125 1908 186 1942 nem
198 1893 317 1945 adversus
332 1894 442 1957 amicos,
456 1906 481 1943 et
498 1893 591 1957 ignotis
608 1910 710 1960 quoquc
726 1896 792 1944 comi
808 1908 923 1943 sermone
935 1905 962 1943 ct
973 1911 1039 1944 con-

119 1969 222 2033 pressu.
235 1968 348 2019 Aderant
358 1968 436 2017 etiam
449 1968 565 2030 fortuita,
577 1983 671 2035 corpas
688 1985 837 2036 procerum,
850 1968 944 2018 decora
954 1968 1038 2018 facies.

127 2040 177 2089 Sed
188 2044 394 2110 proculgraritas
403 2059 518 2107 morum,
531 2053 576 2091 ant
585 2044 748 2108 voluptatum
757 2043 913 2109 parcimonia
925 2059 931 2091 :
942 2042 1041 2091 lenitati

128 2130 158 2165 ac
173 2117 376 2180 uragnilicentiae,
391 2129 417 2166 et
428 2116 565 2182 aliquando
579 2118 650 2165 lurni
666 2115 821 2181 indulgebat.
836 2115 916 2181 quue
926 2114 1042 2181 pluribus

128 2188 293 2253 probabatur,
304 2190 348 2252 qui
353 2224 362 2248 ,
375 2189 400 2234 in
410 2189 478 2236 tantia
486 2190 605 2238 vitiorum
614 2187 748 2238 dulcedine
753 2223 761 2251 ,
772 2189 1043 2255 summumimperiur'n

129 2276 182 2309 non
194 2262 346 2314 restrictum,
356 2274 403 2306 nec
412 2275 578 2323 perseverum
588 2261 687 2309 volunt.

162 2330 261 2379 XLIX.
279 2331 381 2379 Initium
394 2331 566 2392 conjurationi
580 2347 631 2379 non
647 2330 661 2379 b
675 2331 792 2398 cupidine
806 2332 886 2398 ipsius
903 2329 954 2380 luit
972 2347 980 2379 t
995 2346 1045 2380 nee

131 2415 217 2452 tameo
232 2400 304 2452 facile
314 2404 523 2461 memoraverim,
536 2404 594 2468 quis
604 2403 704 2467 primus
715 2414 818 2464 auctor,
829 2402 902 2466 cujus
915 2402 1045 2450 instinctu

133 2477 264 2526 concitum
278 2477 325 2543 tit,
338 2475 406 2541 quud
423 2486 474 2524 tarn
487 2475 564 2524 multi
577 2486 750 2541 sumpserunt.
769 2475 979 2541 Promptissimos
993 2475 1047 2522 Su-

132 2550 219 2600 briam
233 2545 364 2606 Flauium,
381 2548 512 2598 tribunum
529 2549 650 2613 praetoriae
661 2546 788 2609 cohortis,
800 2559 827 2597 et
841 2547 983 2612 Sulpicium
994 2544 1046 2596 As-

132 2641 219 2691 prum,
230 2624 415 2680 centurionem,
424 2620 557 2680 exstitisse,
566 2620 707 2669 constautia
717 2617 803 2670 enitria'
813 2619 913 2669 docuit.
927 2620 960 2671 Et
965 2621 1048 2672 Luca·

135 2714 186 2746 nus
199 2699 322 2763 Annaeus,
333 2697 496 2761 Plautiusque
508 2691 664 2755 Lateranus,
680 2694 771 2743 consul
782 2693 947 2760 designatus,
959 2690 1046 2742 vivida

136 2769 195 2819 odia
202 2772 320 2822 incutere.
330 2769 463 2820 Lucanum
472 2766 580 2833 proprie
591 2783 670 2818 cause
680 2768 865 2831 accendebant,
877 2766 947 2831 qudd
955 2765 1047 2815 lamam

136 2847 277 2893 carminum
289 2847 342 2910 ejus
352 2846 484 2910 premebat
497 2844 578 2905 Nero,
589 2842 806 2911 prohibueratque
814 2854 957 2913 ostentare,
968 2856 1049 2890 vanua

136 2916 340 2966 adsimulatione.
353 2916 522 2976 Lateranum,
533 2918 662 2967 consulem
675 2918 849 2984 designatum,
860 2914 928 2962 nulla
941 2914 1048 2977 injuria,

138 2987 183 3036 sed
199 3002 271 3035 arnor
284 2989 427 3052 reipublice
444 2990 560 3040 sociarit.
573 2990 608 3040 At
619 2990 723 3040 Flavius
735 2990 871 3045 Scerinus,
888 2998 914 3034 et
924 2984 1048 3034 Afranius

139 3058 320 3120 Quinctianae,
333 3071 439 3124 uterque
453 3063 574 3112 senatorii
583 3062 693 3121 ordinis,
704 3075 791 3113 contra
801 3059 893 3110 lamam
905 3058 962 3117 sul‘,
975 3057 1049 3124 prin-

140 3132 236 3198 cipium
251 3132 314 3179 tanti
329 3128 449 3182 facinoris
461 3133 619 3199 capessirdre
633 3153 640 3182 t
654 3152 711 3185 nam
726 3136 834 3185 Scerino
848 3131 973 3181 dissoluta
988 3133 1050 3180 toxa

140 3222 221 3261 mens,
232 3215 257 3252 ct
268 3203 373 3269 proinde
385 3207 534 3254 ritasornno
546 3206 681 3269 languida:
695 3210 864 3273 Quinctiauus
873 3203 979 3253 mollitid
990 3218 1050 3252 cor-

141 3278 210 3342 poris
222 3276 337 3333 iolamis,
350 3288 376 3324 et
388 3277 403 3325 l
413 3277 516 3330 Nerone
527 3279 653 3345 probroso
666 3283 780 3335 carmine
794 3279 949 3343 diffamatus,
963 3286 1051 3328 conta·

106 3419 108 3422 ι
143 3350 232 3402 melias
245 3349 327 3402 ultum
340 3349 404 3402 ibat.
