2234 3817
132 164 182 237 576
450 177 474 217 c.
493 167 590 217 enas.
607 174 723 218 sacrat
793 185 797 199 ι

132 251 291 312 sestertium,
304 248 464 323 paucissimis
474 251 618 317 mensibus,
632 251 810 304 intervertisse
825 250 1049 319 crediturzntagn

53 342 57 351 ¹
66 354 69 363 ·
100 378 109 393 ,
133 347 160 385 et
168 336 257 384 misera
266 334 366 387 civitas,
374 331 465 381 eodem
474 350 540 382 anno
548 323 677 385 Otbcnem
682 332 884 398 Vitelliumque
894 350 981 400 passa,
990 334 1047 380 inter

29 3475 45 3541 l

133 408 236 467 Vinios,
248 408 337 456 Fabios
346 443 353 468 ,
363 405 460 466 Icelos,
468 405 607 471 Asiaticos,
619 409 687 457 varii
694 419 720 456 et
726 405 859 473 pudendis
869 421 943 457 sorta
952 407 1049 472 agebatj

132 481 213 533 donec
222 480 361 530 successere
368 481 515 542 Mucianus,
532 494 558 530 et
576 474 724 540 Marcellus,
734 493 760 530 ct
770 481 864 546 magis
875 483 922 531 alii
931 480 1050 544 homines,

131 554 207 621 quiam
220 555 261 603 alii
273 568 366 601 mores.
568 547 576 555 ’
628 613 631 619 1
803 552 833 586 s‘

163 626 256 678 XCVI.
274 627 358 675 Prima
372 625 479 697 Vitellio
497 643 513 675 u
525 627 604 675 tertias
615 626 721 693 legionis
736 627 857 679 defectio
869 646 886 678 u
907 629 1050 687 nuntiatur,

131 703 213 752 missis
225 703 259 751 ab
267 701 369 768 Aponio
381 699 518 751 Saturnino
533 702 663 768 epistolis,
678 692 821 769 antequam
836 706 860 752 is
873 719 974 770 quoque
988 702 1051 750 Ves-

129 777 227 842 pasiani
244 777 361 842 partibus
379 788 565 840 aggregaretur.
581 776 632 825 Sed
649 794 731 842 neque
748 776 881 845 Aponius
899 788 1009 831 cuncta,
1026 783 1051 821 ut

128 849 258 914 trepidans
270 866 297 897 re
310 847 410 906 subiti,
428 852 623 916 perscripserat,
637 863 663 899 et
677 853 754 900 amici
772 852 938 908 adulantes,
949 843 1051 897 mollitis

128 919 361 987 interpretabantur
373 937 378 967 :
391 920 488 970 ouniias
498 924 604 986 legionis
615 937 670 971 eam
681 925 842 974 seditionem
853 947 860 986 3
875 925 969 974 ceteris
982 934 1051 968 exer·

111 992 221 1044 'citibus
238 993 444 1067 constare'fidem
455 1011 480 1041 u.
494 993 524 1042 ln
542 994 609 1042 bttnc
625 996 732 1045 modum
744 1000 829 1046 etiam
847 997 976 1049 Vitellius
989 987 1051 1058 apud

90 1080 93 1087 ‘
129 1069 224 1117 milites
234 1066 365 1131 disseruit,
379 1069 542 1133 praetorianos
554 1085 636 1135 nuper
647 1084 830 1121 exauctoratos
845 1075 1003 1125 insectatus,
1014 1063 1051 1115 ui

128 1143 222 1207 quibus
234 1141 308 1189 falsos
319 1155 432 1188 rumores
444 1140 571 1213 dispergi,
582 1159 629 1191 nec
638 1144 719 1193 ullum
729 1146 817 1194 civilis
829 1146 899 1205 belli
911 1155 1011 1192 metum
1020 1155 1051 1196 r,

128 1214 311 1275 adseuerabat,
328 1227 444 1278 cupresso
455 1214 606 1279 Vespasiani
622 1219 727 1266 nomine
738 1253 745 1277 ,
758 1230 786 1266 et
802 1220 881 1284 vagia
899 1233 947 1284 per
962 1213 1050 1262 1111>OE

67 1282 69 1289 i
128 1289 267 1347 militibus,
283 1290 327 1352 qui
343 1303 472 1336 sermones
485 1289 577 1359 populi
593 1303 762 1342 coercerent:
776 1292 803 1340 id
820 1290 989 1358 precipuum
1005 1285 1048 1339 alia

102 1396 106 1407 κ
126 1373 242 1413 mentum
258 1359 328 1409 famae
342 1372 406 1410 erat.

157 1434 264 1484 xcvtt.
279 1433 381 1482 Auxilia
396 1447 481 1484 tamen
496 1433 510 1484 ὲ
525 1435 679 1496 Germanii,
695 1402 904 1506 Britanniaque,
917 1430 1047 1500 Hispaniit

125 1508 234 1568 excivit,
251 1508 379 1573 segniter,
399 1520 427 1558 et
447 1512 623 1559 necessitatem
642 1510 813 1563 dissimulans.
832 1508 953 1562 Perinde
972 1503 1047 1570 legati

110 1583 310 1650 ‘provinciaque
327 1583 525 1631 cunctabantur:
537 1584 699 1645 Hordeonius
709 1588 830 1650 Flaccus,
844 1583 982 1649 suspectis
996 1581 1046 1642 jam

124 1656 238 1716 Batavis,
254 1657 341 1704 anxius
353 1656 454 1720 proprio
465 1654 547 1712 bello,
560 1654 666 1703 Vectius
679 1658 804 1720 Bolanus,
822 1670 969 1718 nunquam
984 1651 1044 1703 satis

125 1732 211 1797 quieti
224 1728 371 1794 Britannii5
384 1738 409 1774 et
421 1737 526 1792 uterque
540 1724 651 1790 ambigui
664 1742 763 1790 :neque
776 1744 806 1775 ex
819 1727 962 1792 Hispaniis
979 1738 1045 1788 pro-

124 1806 260 1872 perabatur
269 1843 275 1865 ,
284 1806 354 1854 nullo
363 1814 417 1851 tum
427 1802 464 1850 ibi
474 1800 600 1850 consulari
610 1818 616 1848 ι
625 1802 703 1848 trium
710 1802 841 1866 legionum
850 1799 937 1864 legati
946 1833 953 1855 ,
963 1810 1044 1862 pares

124 1878 193 1944 jure,
204 1891 241 1940 et,
251 1879 377 1946 prosperis
385 1874 485 1929 Vitellii
494 1876 584 1934 rebus,
593 1876 710 1924 certaturi
719 1876 749 1923 ab
758 1875 930 1940 obsequium,
942 1869 1041 1918 adver·

126 1970 180 2004 sam
190 1955 242 2019 eius
253 1953 381 2005 fortunam
395 1967 428 2000 ex
443 1966 513 2015 equo
524 1948 707 1998 detractabant.
719 1949 750 1999 ln
760 1947 847 1998 Attica
862 1946 937 2011 legio
949 1943 1041 1992 cohor-

124 2039 230 2093 tesque,
245 2026 347 2076 delectae
362 2024 377 2074 ai
389 2024 479 2074 Clodio
492 2024 581 2073 Macro
591 2050 601 2081 ,*
610 2040 669 2073 mox
682 2023 696 2072 a
712 2024 794 2073 Galba
806 2022 936 2079 dimissae,
953 2011 1040 2067 rursus

124 2100 194 2166 jussu
207 2101 305 2151 Vitellii
316 2099 435 2148 militiam
447 2097 536 2163 cepere
551 2116 556 2142 2
572 2099 648 2146 simul
661 2109 744 2147 cetera
757 2099 874 2161 iuventus
892 2093 974 2142 dabat
991 2091 1038 2136 im·

123 2172 194 2240 pigre
206 2173 308 2221 nomina
320 2171 429 2234 :quippe
444 2173 569 2233 integrum
584 2170 638 2217 illio
647 2186 676 2218 ac
687 2169 853 2218 favorabilem
866 2161 1037 2233 proconsula-

124 2257 180 2294 tum
189 2244 322 2299 Vitellius,
332 2239 460 2288 limosum
469 2242 631 2304 invisumque
640 2242 810 2308 Vespasianus
818 2253 909 2307 egerat
918 2259 924 2289 z
933 2230 1035 2304 perinde

123 2320 183 2368 socii
192 2316 223 2362 de
234 2314 340 2376 imperio
352 2315 485 2377 utriusque
494 2314 670 2377 conjectabant
680 2332 686 2362 :
696 2314 742 2362 sed
751 2318 965 2380 experimentum
974 2324 1033 2358 cou-

122 2391 160 2440 tra
174 2390 228 2437 fuit.
873 2444 875 2447 .

152 2459 273 2513 XCVIII.
286 2460 321 2509 dc
332 2457 416 2527 primis
423 2459 540 2509 Valerius
550 2459 640 2507 Festus
646 2494 654 2518 ,
663 2459 773 2522 legatus,
786 2460 871 2510 studia
882 2455 1026 2527 provibcis·

120 2541 185 2591 lium
194 2553 250 2586 oum
260 2534 308 2583 lide
317 2534 381 2599 juvit
390 2551 398 2579 ¹.
410 2546 470 2581 mox
478 2534 583 2581 nutabat
592 2570 599 2592 ,
610 2536 695 2599 palam
704 2531 819 2600 epistolis
829 2537 976 2598 edictisque
984 2527 1028 2577 vi·

122 2616 235 2674 tellinm,
247 2612 354 2662 occultis
365 2609 462 2658 nuntiis
476 2608 661 2674 Vespasianum
678 2611 780 2677 fouens,
791 2624 817 2660 et
831 2612 885 2671 haec
898 2613 974 2659 illave
985 2601 1028 2649 de·

121 2689 252 2747 sensurus,
264 2683 527 2754 proutinvaluisseut.
543 2681 699 2748 Deprehensi
711 2699 770 2733 cum
781 2687 874 2734 litteris
890 2680 1024 2739 edictisque

1104 2620 1107 2725 Ι

121 2767 271 2834 Vespasiani
281 2801 287 2821 ‚
298 2780 343 2830 per
354 2765 458 2811 Raetiam
470 2774 496 2810 et
506 2762 617 2817 Gallias,
627 2764 738 2810 militum
748 2776 774 2811 et
784 2764 959 2813 centurionum
970 2753 1025 2819 qui·
1104 2804 1107 2820 ,

122 2839 190 2899 dam,
200 2839 232 2887 ad
239 2839 372 2885 Vitellium
381 2838 460 2894 missi,
468 2837 691 2899 necantur:plures
697 2836 814 2897 fefellere,
823 2838 868 2885 fide
875 2836 1023 2883 amicorum,

121 2923 166 2962 aut
178 2922 277 2959 suomet
288 2923 342 2958 astu
356 2911 482 2960 occultati.
496 2909 534 2957 Ita
546 2910 647 2962 Vitellii
658 2924 759 2976 paratus
771 2900 942 2966 noscebantur,
953 2898 1021 2949 Vet-

120 2985 216 3052 pasiani
230 2984 391 3032 consiliorum
402 2988 521 3049 pleraque
535 2985 635 3049 ignota,
655 2982 768 3051 primitur
779 2981 892 3031 socordiai
902 2972 1019 3032 Vitetttt;

121 3058 213 3107 deinde
226 3059 374 3106 Pannonica
387 3056 465 3123 Alpes
477 3060 599 3125 presidiis
617 3062 729 3120 insessa,
742 3058 840 3105 nuntios
858 3051 998 3104 retinebant
1011 3058 1019 3088 5

120 3148 191 3182 mare
199 3146 298 3195 quoque
308 3131 442 3179 etesiarum
451 3133 512 3198 flatu
519 3133 546 3180 in
554 3131 677 3181 orientem
686 3131 858 3196 navigantibus
867 3122 1000 3179 secundnm
1006 3150 1016 3182 ι

121 3203 180 3256 inde
190 3203 322 3269 adtersqm
335 3214 398 3250 erat.
420 3205 424 3219 ’

151 3276 246 3324 XCIX.
259 3273 386 3331 Tandem,
400 3275 539 3340 irruptione
554 3275 680 3333 hostium,
693 3275 820 3325 atrocibus
833 3272 941 3338 undique
951 3279 1011 3316 1¹⁰³·

119 3348 163 3394 tiis
174 3348 309 3396 exterritus
319 3382 328 3403 ,
337 3348 460 3394 Caecinam
470 3364 498 3396 ac
510 3350 643 3400 Valentem
655 3350 768 3416 expediri
782 3348 815 3397 ad
827 3349 921 3396 bellum
932 3342 994 3407 jubet
1004 3351 1011 3383 τ

118 3422 260 3480 premissus
276 3420 390 3489 §athap
404 3422 539 3478 Valentem
551 3423 645 3491 egnati
664 3427 775 3492 corporis
787 3425 879 3478 morbo
895 3435 946 3476 1⁰³¹
958 3415 1009 3484 1²1¹?

220 3598 237 3623 ἱ.
