2234 3817
125 97 174 149 260
439 104 463 140 e.
484 102 578 139 coam.
602 97 716 138 rietur

121 188 307 257 exprobrarent
314 180 471 234 intersectum
479 198 533 231 esse
540 181 684 231 Rubellium
693 180 820 249 Plautum,
826 198 949 249 generum
955 180 1036 233 Lucii

125 263 236 311 Veteris.
253 258 304 308 Sed
316 257 417 307 initium
430 256 574 321 detegendae
585 257 684 305 sevitie
695 254 815 321 prebuit,
827 258 973 308 interversis
986 272 1038 321 pa·

125 338 193 387 troni
207 336 297 394 rebue,
309 331 340 381 ed
355 330 524 379 accusandum
535 328 720 393 transgrediens
738 330 893 380 Fortunatus
910 329 1036 393 libertus,

125 410 224 459 educito
239 406 346 456 (ilsudio
360 405 500 462 Demieno,
513 421 605 469 quem,
617 404 650 452 ob
663 402 757 469 flagitis
771 405 886 453 vinctum
898 404 913 452 l
923 406 1037 462 Vetere,

123 483 188 535 Acie
199 481 366 549 proconsule,
379 478 488 527 exsolvit
495 478 579 541 Nero,
590 479 616 526 in
627 478 758 544 premium
768 473 944 527 accusationis.
954 476 1038 541 Quod

124 557 169 606 ubi
180 555 309 620 cogiliturn
326 568 387 609 reo,
401 566 476 616 seque
488 562 514 600 et
528 551 647 600 libertum
658 550 715 616 peri
734 562 802 599 sorte
819 552 955 616 componi,
965 552 1037 599 For-

126 630 223 679 mianos
239 629 264 673 iu
283 640 356 689 egros
372 622 519 689 digreditur.
534 624 592 672 Illic
609 638 669 671 eum
687 624 784 671 milites
801 623 900 672 occulti
918 622 1037 672 custodia

125 698 294 749 circumdant.
305 697 402 746 Aderat
409 696 474 756 fllia,
483 712 559 762 super
569 697 689 761 ingruent
697 697 851 763 periqulum,
861 697 936 761 longo
943 696 1037 745 dolore

124 784 211 829 atrox,
226 788 255 819 ea
267 788 318 837 quo
330 786 492 837 percussores
502 770 586 819 Plauti
599 771 683 819 mariti
699 770 738 817 tui
753 769 869 819 rideret:
883 779 1036 818 cruentam·

125 862 174 910 que
191 853 316 893 cervicem
328 845 384 908 ejus
398 846 529 909 amplexa,
541 846 659 894 servabat
669 843 836 909 sanguinem,
848 855 874 893 et
884 857 967 892 vertes
976 861 1036 893 res·

125 933 227 984 persam
240 918 317 967 vidue
326 953 334 977 ,
344 918 454 982 implexa
467 919 537 968 luctu
547 919 679 977 contiuuo,
690 932 738 965 nec
747 916 806 964 uilis
817 917 954 975 alimentis,
966 917 1043 974 nist,

125 1006 180 1054 quaa
194 1005 303 1041 mortem
316 1004 441 1040 arcerent.
455 989 540 1050 Tum,
553 990 672 1039 hortante
685 999 772 1056 patre,
786 989 923 1054 Neapolim
939 991 1033 1054 pergit.

123 1065 156 1113 Et
167 1064 226 1127 quis
244 1063 312 1110 aditu
327 1063 437 1111 Neronis
451 1062 644 1129 prohibebatur,
661 1076 778 1127 egressae
787 1061 920 1119 obsidens,
934 1061 1034 1110 ‹saudi-

124 1146 164 1183 ret
178 1136 306 1184 insontem
336 1152 399 1183 neve
409 1132 553 1184 consuletds
564 1136 604 1183 sui
613 1134 741 1200 quondam
753 1134 875 1199 collegam
884 1134 989 1183 dederet
1000 1134 1036 1182 li-

124 1206 231 1262 berto»,
244 1207 323 1256 mosiis
331 1208 450 1255 muliebri
461 1206 555 1269 ejulatu
564 1241 571 1264 ,
581 1204 717 1269 aliquando
728 1243 734 1264 ,
745 1221 833 1255 sexum
847 1221 957 1272 egressa,
968 1222 1033 1255 voce
1074 1235 1077 1240 ·

125 1279 241 1343 infensi,
257 1281 420 1350 claruitabqt3
433 1278 515 1328 donec
527 1278 647 1344 princepe
659 1279 817 1329 immobilem
827 1293 852 1328 se
863 1280 994 1345 precibus,
1007 1289 1034 1328 et

124 1348 227 1401 invidie
238 1352 308 1415 iuria
321 1350 441 1401 ostendit.
806 1365 816 1398 2

158 1427 206 1475 XI.
221 1428 288 1488 Ergo
303 1427 403 1473 nuntiat
419 1421 483 1488 patri
500 1420 632 1485 «abjicere
648 1439 736 1487 spem,
753 1435 778 1472 et
794 1425 833 1471 uti
848 1423 997 1472 necessitate
1005 1439 1031 1472 e.

125 1498 209 1548 Simul
222 1496 351 1553 adfertur,
366 1498 468 1560 «parari
479 1498 650 1558 coguitionem
660 1494 759 1544 senatris
766 1529 774 1555 ,
785 1508 811 1544 et
823 1509 918 1545 trucem
928 1509 1044 1547 senten-¹

128 1572 222 1620 tismu.
235 1569 287 1617 Nec
301 1567 418 1624 deluere,
430 1568 473 1627 qui
485 1579 619 1614 monerent
630 1602 635 1620 ‚
654 1570 764 1631 ‹smagni
778 1584 811 1615 ex
824 1580 897 1635 parte
908 1568 1032 1619 heredem

129 1643 248 1690 &sarem
259 1652 419 1700 nuncupare,
431 1648 505 1697 atque
516 1637 548 1681 ite
559 1637 695 1698 nepotibus
707 1637 738 1684 de
749 1639 846 1702 reliquo
858 1641 1012 1689 consulere»
1024 1658 1031 1690 τ

127 1713 194 1777 quod
203 1712 379 1777 adspernatus,
391 1724 423 1756 ne
437 1711 514 1756 vitam
525 1745 529 1754 .
542 1708 656 1772 proxime
670 1709 815 1758 libertatem
827 1722 929 1769 sotem,
940 1713 1032 1758 novis·

55 1830 59 1837 ,
126 1786 190 1834 simo
202 1784 302 1830 servitio
313 1780 429 1840 foedaret,
443 1780 589 1844 largituriin
602 1796 705 1840 servos,
718 1782 840 1845 quentrim
853 1782 938 1830 aderat
949 1796 1032 1847 pecn-

125 1858 191 1905 nie:
207 1867 246 1919 et,
266 1856 309 1903 esi
329 1870 377 1918 qua
394 1855 518 1920 asportari
541 1866 658 1920 possent,
677 1856 727 1904 sibi
745 1872 869 1920 quemque
887 1853 1033 1911 deducere,

126 1928 173 1978 tris
185 1928 262 1977 modi>
276 1928 384 1977 lectulos
402 1927 434 1975 ad
446 1944 564 1993 supreme
580 1929 707 1978 retineri»
720 1930 798 1988 iubet.
816 1931 888 1977 Tunc
904 1927 994 1976 eodem
1006 1926 1032 1973 in

126 2002 258 2059 ctsbiculo,
272 2001 363 2051 eodem
372 1992 440 2049 ierro
450 1999 602 2050 abscindunt
614 2018 705 2054 venae.
715 2003 879 2067 properique,
891 2013 916 2050 et
926 1999 1031 2064 siugulis

126 2077 241 2125 vestibus
250 2077 282 2125 ad
294 2076 472 2125 verecundiam
482 2075 573 2136 relati,
582 2075 679 2124 balneis
687 2075 843 2124 inferuntur:
857 2086 927 2139 pater
939 2074 1029 2130 filiam,

129 2151 184 2197 arie
199 2162 315 2214 neptem,
329 2149 370 2195 illa
390 2161 507 2211 utrosque
522 2148 636 2205 intuens,
650 2160 676 2196 et
693 2149 809 2197 certatim
825 2159 957 2211 precantes
971 2146 1031 2193 «le-

126 2222 196 2271 beuti
216 2222 304 2270 aalma
320 2220 426 2267 celerem
440 2222 554 2276 exitum,
573 2232 601 2267 ut
620 2219 793 2283 relinquerent
812 2235 871 2267 suos
885 2220 1032 2284 superstites

131 2306 158 2341 et
166 2294 333 2340 morituros».
344 2290 505 2352 &amavitque
514 2288 630 2337 ordinem
639 2289 751 2353 fortuna:
762 2307 790 2338 ac
798 2292 882 2339 senior
889 2289 969 2355 priris,
977 2303 1030 2340 tum

126 2366 167 2415 cui
179 2364 261 2429 prima
273 2371 344 2422 retas,
355 2362 560 2425 eastipguuntur.
570 2360 689 2414 Accusati
698 2373 756 2425 post
765 2361 931 2428 sepulturam.
942 2362 1030 2412 decre·

127 2449 251 2501 tumque,
263 2443 314 2483 eut
328 2447 398 2482 more
416 2429 539 2495 majorum
552 2432 730 2497 punirentur».
742 2435 776 2482 Iit
790 2436 858 2481 Nero
876 2436 1032 2494 intercessit,

129 2520 261 2560 emortem
271 2508 324 2556 siue
336 2506 451 2555 arbitro»
468 2503 618 2571 permittens
629 2523 635 2552 ι
648 2520 693 2566 ea,
706 2506 816 2556 cedibus
826 2508 949 2573 peractis,
961 2508 1035 2558 liudi·v

128 2584 185 2634 bris
197 2581 387 2648 adliciebantur.

161 2656 226 2706 xli,
236 2655 266 2703 Ρ.
277 2653 384 2710 Gallus,
396 2666 471 2715 eques
478 2651 624 2708 Romanus,
637 2651 706 2715 qued
715 2652 795 2702 Feuio
806 2652 997 2710 antelmium,
1006 2665 1031 2704 et

129 2730 220 2779 Veteri
229 2744 280 2777 non
290 2729 387 2777 alienus
395 2724 478 2775 lueret
487 2761 493 2783 ,
503 2725 567 2787 aqua
576 2736 651 2789 atque
659 2725 710 2790 igni
719 2726 866 2791 prohibitus
875 2738 921 2775 est.
931 2727 1030 2776 Liberto

130 2811 157 2847 et
165 2801 304 2848 accusatori
313 2802 445 2864 premium
455 2814 549 2862 opere,
562 2798 633 2848 locus
642 2800 667 2847 iu
679 2798 779 2848 theatro
789 2801 854 2848 inter·
862 2801 971 2847 viatores
983 2801 1030 2848 tri·

129 2871 243 2921 bunitioe
256 2869 339 2919 datur.
352 2874 384 2921 Et
397 2872 491 2919 mensis
501 2907 507 2926 ,
518 2872 562 2934 qui
570 2870 702 2937 Aprilem,
717 2872 874 2935 eundemque
884 2871 1030 2922 Neroneum

131 2943 295 3003 sequebatur,
311 2942 393 2988 Maius
411 2943 523 2993 Claudii
529 2978 541 3002 ,
555 2944 646 2991 iunius
665 2946 823 2995 Germanici
835 2941 961 2989 vocabulis
972 2958 1031 2990 mu-

130 3024 234 3062 tantur:
256 3013 405 3061 testificante
420 3016 539 3064 Cornelio
559 3017 654 3075 Orfito,
674 3018 719 3081 qui
739 3018 764 3066 id
785 3015 930 3072 censuerat,
951 3017 1029 3066 «ideo

132 3084 235 3135 lunium
246 3094 357 3133 mensem
371 3090 549 3137 transmissum
562 3091 620 3153 quie
630 3090 680 3137 duo
692 3090 741 3152 jem
749 3089 885 3155 Torquati,
894 3090 928 3138 ob
939 3091 1031 3141 scelera

131 3158 257 3209 interlecti
265 3193 273 3219 ,
282 3157 419 3206 infaustum
431 3177 525 3210 nomeu
536 3164 640 3210 larrium
648 3161 768 3212 fecissent
775 3181 799 3212 u.

164 3229 242 3277 Xlll.
254 3231 304 3277 Tot
314 3229 467 3281 facinoribus
478 3233 572 3282 foedum
590 3251 683 3284 annum
698 3240 775 3285 etiam
789 3236 825 3283 dii
840 3237 1030 3300 tempestatibus

133 3309 161 3352 et
171 3302 267 3372 morbis
277 3302 435 3367 insignivere.
448 3307 552 3359 Vestete
565 3307 700 3376 Cenrpauie
715 3309 815 3364 turbiue
830 3312 1031 3376 ventorumque
