2234 3817
120 174 125 179 ’
145 175 196 226 422
468 190 494 228 c.
514 191 609 249 conr.
626 190 739 229 sacrus

146 270 301 321 Batavorum
314 269 447 334 obtinens,
463 282 598 337 utramque
614 271 697 321 Rheni
714 274 808 338 ripam,
824 272 874 337 qud
889 273 1058 325 truculentior

146 347 205 392 visu
218 342 296 406 foret,
312 346 497 394 Germanorum
508 348 618 395 catervis
627 349 757 413 complet,
772 347 914 405 adsultante
927 364 975 413 per
987 366 1055 397 cam·

145 434 194 484 pos
204 419 298 481 equite.
307 419 387 466 Simul
397 435 474 467 nares
486 421 512 467 iu
521 418 656 469 adversum
666 437 766 468 amnem
776 421 1006 485 agebanturaHinc
1015 439 1058 472 ve·

146 503 290 540 rorantium
306 492 449 540 cohortium
466 492 556 557 signa?
567 493 626 541 inde
639 494 793 559 depromptae
808 494 880 541 silvis
891 494 1006 564 lucisque
1019 495 1057 543 le-

145 580 230 623 tarum
242 568 375 631 imagines,
396 577 425 615 ut
439 570 529 631 cuique
544 571 614 632 genti
630 570 695 616 inire
707 569 821 633 prelium
834 584 890 616 mos
908 580 961 625 est,
978 569 1055 616 mixti

143 637 204 686 belli
212 638 291 687 civilis
299 637 444 703 externique
452 640 514 689 facie
526 632 865 706 obstupefecerantobsesios
875 658 882 704 3
893 652 918 688 et
926 657 1000 705 spem
1009 659 1056 706 op·

144 714 311 779 pugnantium
326 715 434 778 augebat
450 715 591 779 amplitudo
612 717 689 777 valli,
707 715 775 778 quod
795 715 895 762 duabus
909 715 1056 777 legionibus
1092 716 1093 719 ’

144 784 238 843 situm,
256 787 300 836 vix
316 787 522 850 quinquemillia
540 801 697 849 armatorum
714 788 888 836 Romanorum
907 788 1054 835 tuebantur.

142 855 191 903 Sed
205 858 314 929 lixarum
328 860 480 924 multitudo,
500 862 603 911 turbati
615 879 675 929 pace
689 862 750 912 illuc
769 872 931 928 congregata,
944 871 970 908 et
980 860 1053 908 bello

141 929 259 981 ministra
271 934 366 982 aderat.
732 994 737 1003 s

131 1022 134 1027 ‘
174 1005 271 1055 XXlll.
280 1008 340 1056 Pars
346 1020 489 1057 castrorum
497 1046 504 1067 ‚
512 1011 539 1057 in
549 1010 639 1058 collern
647 1010 739 1057 leniter
748 1009 899 1076 adsurgen53
913 1023 973 1073 pars
982 1024 1052 1072 aequo

141 1076 275 1127 adibatur:
289 1083 397 1147 quippe,
415 1082 466 1130 illia
478 1081 589 1131 hibernis
603 1082 714 1130 obsideri
734 1070 864 1146 premique
884 1082 1051 1137 Germanias,

140 1150 269 1216 Augustus
280 1155 438 1203 crediderat:
453 1172 533 1220 neque
546 1171 657 1219 unquam
672 1155 698 1223 id
711 1158 849 1215 malorum,
868 1169 896 1203 ut
914 1170 1049 1218 oppugna·
1092 1198 1093 1201 ,

140 1231 196 1274 turn
206 1229 274 1278 ultro
285 1232 396 1296 legiones
410 1244 507 1281 nostres
521 1232 646 1279 venirent.
659 1229 722 1278 lnde
740 1249 791 1279 non
807 1233 880 1293 loco,
897 1247 979 1294 neque
992 1246 1049 1277 inu·

140 1301 261 1351 nimentis
280 1304 351 1352 labor
372 1303 491 1352 additus:
508 1306 546 1354 vis
570 1317 596 1353 et
614 1321 683 1351 arma
700 1306 760 1353 satis
780 1306 921 1370 placebant.
945 1303 1048 1360 Batavi,

140 1373 392 1442 Transrhenanique,
411 1379 463 1442 qud
482 1379 686 1432 discretatirtus
704 1377 860 1428 manifestius
877 1387 1048 1443 spectaretur,

139 1448 187 1495 sibi
197 1444 298 1515 queque
312 1467 372 1515 gens
382 1452 537 1513 consistunt,
547 1452 646 1500 eminus
662 1452 820 1500 lacessentes.
832 1451 893 1500 Prisc
906 1451 951 1497 ubi
963 1451 1047 1514 plera-

137 1536 187 1584 que
203 1523 311 1573 telorum
326 1527 438 1581 turribus
450 1527 585 1591 pinnisque
598 1528 720 1575 moenium
730 1526 801 1574 irrita
810 1525 951 1582 haerebant,
967 1535 994 1570 et
1004 1521 1048 1569 de·

138 1611 213 1662 super
224 1600 287 1647 saris
297 1595 511 1660 uulnerahantur3
524 1599 635 1647 clamore
648 1611 723 1663 atque
740 1600 848 1661 impetu,
862 1596 982 1657 invasere
994 1596 1047 1643 val·

136 1668 206 1732 lum,
221 1673 342 1738 appositis
351 1671 462 1737 plerique
472 1673 558 1725 scalis,
573 1673 616 1717 alii
624 1688 671 1731 per
680 1671 831 1718 testudinem
841 1687 947 1717 suorum
958 1690 964 1716 :
977 1685 1049 1717 scan-

136 1741 279 1809 debentque
290 1748 338 1811 jam
347 1742 449 1808 quidem
459 1778 465 1798 ,
476 1756 553 1804 quum
568 1739 658 1803 gladiis
673 1753 699 1788 et
715 1758 842 1787 armorum
860 1745 967 1788 incussu
979 1757 1049 1806 prce·

137 1817 250 1883 cipitati,
262 1821 368 1868 sudibus
377 1829 403 1865 et
414 1818 469 1883 pilis
484 1816 639 1870 obruuntur,
652 1814 792 1879 prelemces
810 1814 898 1869 initio,
919 1825 946 1860 et
966 1815 1051 1862 rebus

135 1892 252 1941 secundis
264 1896 346 1942 nimii.
361 1890 411 1941 Sed
423 1889 569 1956 tumpraedae
581 1887 710 1952 cupidine,
722 1886 824 1934 adversa
832 1901 934 1949 quoque
943 1887 1047 1933 tolera·

134 1961 207 2015 hant.
221 1967 457 2024 machinantium,
471 1965 600 2015 insolitum
619 1961 682 2018 sibi,
705 1961 774 2007 ansi:
788 1975 833 2009 nec
848 1959 900 2005 ulla
920 1958 983 2022 ipsis
1001 1974 1044 2004 so·

132 2036 206 2088 lettia
217 2060 222 2088 ε
235 2041 342 2108 perlugae
356 2037 498 2106 captivique
517 2037 643 2085 docebant
652 2048 746 2084 struere
757 2035 888 2094 materias,
899 2034 926 2080 in
936 2032 1042 2080 modum

133 2115 236 2178 pontis,
247 2133 306 2163 mox
317 2117 435 2178 subiectis
448 2113 510 2162 rotis
522 2113 680 2177 propellere:
693 2123 721 2158 ut
731 2111 773 2158 alii
785 2119 970 2175 superstantes,
984 2119 1040 2155 tan·

133 2201 209 2247 quam
220 2203 249 2235 ex
259 2203 360 2252 aggere,
370 2187 545 2250 praeliarentur
556 2201 562 2230 τ
573 2201 631 2248 pars
642 2186 723 2238 intus,
733 2182 826 2230 occulti
835 2195 922 2228 muros
932 2180 1039 2228 subrue·

108 2261 111 2266 '
133 2254 260 2306 rentsSed
277 2274 382 2306 excussa
392 2259 488 2305 balistis
499 2274 558 2305 saxa
574 2258 683 2317 stravere
695 2254 801 2305 inlorme
813 2268 897 2321 opus:
917 2264 944 2300 et
961 2264 1056 2302 crates·

131 2331 265 2390 vineasque
282 2328 445 2393 parantibus,
468 2330 560 2377 adactae
571 2329 704 2377 tormentis
715 2329 831 2377 ardentes
843 2325 937 2377 batte:
956 2326 1037 2373 ultro·

133 2417 182 2464 que
191 2402 238 2464 ipsi
249 2413 437 2464 oppuguatores
447 2402 547 2465 ignibus
557 2404 710 2464 petebantur
723 2420 729 2450 :
745 2402 842 2461 donee,
856 2398 986 2465 desperati
997 2396 1039 2455 vi,

130 2482 257 2520 verterent
268 2474 403 2537 consilium
414 2472 445 2519 ad
456 2486 538 2523 moras
550 2507 557 2528 ,
573 2473 640 2520 baud
651 2476 729 2537 ignari
737 2491 879 2538 paucorum
892 2475 990 2521 dierum
1002 2471 1037 2517 in-

131 2561 184 2594 esse
198 2545 329 2603 alimenta,
343 2556 369 2593 et
382 2544 490 2592 muitum
504 2543 616 2606 imbellis
629 2546 717 2594 turbae.
729 2547 813 2594 Simul
826 2564 859 2595 ex
878 2546 960 2611 inopie
976 2560 1037 2610 pro·

132 2619 194 2671 ditio
200 2658 207 2683 ‚
218 2621 315 2669 etssura
324 2619 486 2668 servitiorum
494 2616 572 2674 fides,
584 2636 613 2666 ac
622 2618 728 2669 fortuita
738 2621 800 2669 belli
810 2624 984 2686 sperabantur.

148 2695 261 2745 7xxtv2
277 2692 381 2743 Flaccus
390 2736 392 2741 ,
401 2693 516 2754 iuterim,
533 2693 635 2758 cognito
646 2705 787 2743 castrorum
802 2695 916 2749 obsidio,
934 2704 960 2742 et
974 2692 1034 2740 mis·

132 2773 165 2821 tis
176 2787 220 2836 per
234 2770 342 2827 Gallias,
359 2768 402 2832 qui
416 2769 509 2815 auxilia
526 2768 671 2823 euricirent,
683 2769 763 2817 lectos
778 2768 791 2816 ὲ
807 2769 948 2833 legionibus
958 2767 1034 2815 Dillio

131 2845 235 2896 Voculae
246 2880 253 2902 ,
265 2842 472 2890 duodevicesima
482 2841 588 2906 legionis
597 2843 690 2906 legato,
698 2841 787 2899 tradit,
798 2854 826 2890 ut
834 2840 907 2904 quint
916 2842 1035 2888 maximis

130 2934 176 2983 per
188 2919 270 2981 ripam
288 2916 420 2965 itineribus
431 2917 560 2965 celeraret.
578 2915 634 2980 lpse
646 2916 768 2981 pavidus,
780 2913 901 2964 invalidus
910 2928 1021 2976 corpore
1028 2948 1036 2971 ‚

130 2988 226 3036 invisus
239 2988 362 3034 militibus
376 3006 381 3033 :
398 3000 479 3050 neque
494 2989 563 3035 enim
578 2986 694 3051 ambiguis
711 2988 862 3046 fremebant,
876 2999 891 3030 <t
902 2984 1034 3034 emissas'a

129 3059 292 3123 Magontiaco
305 3060 456 3107 Batavorum
472 3054 604 3119 cobortes,
618 3061 787 3109 dissimulatos
804 3058 888 3106 Civilis
907 3072 1032 3117 conatus,

130 3131 223 3180 adsciri
234 3133 259 3178 in
271 3133 420 3199 societatem
431 3134 573 3183 Germanus
584 3154 589 3182 ε
605 3136 654 3197 nou
665 3135 745 3183 Primi
752 3133 869 3193 Antonii,
882 3147 966 3196 neque
975 3133 1031 3181 Mu·

129 3206 195 3252 ciani
206 3221 254 3268 ope
267 3204 451 3268 Vespasianum
465 3212 545 3274 magis
564 3209 702 3257 adolerisse
714 3228 720 3258 s
734 3220 819 3274 aperta
837 3206 897 3254 odia
912 3224 1028 3272 armaque

128 3280 212 3343 palam
222 3279 314 3342 depelli
326 3297 331 3326 :
344 3278 457 3326 fraudem
466 3297 492 3330 et
500 3283 587 3330 dolum
597 3285 712 3345 obscura,
722 3283 800 3347 edque
811 3283 977 3336 inevitabilia.
989 3285 1029 3332 Ci·

126 3350 204 3395 viiem
215 3360 281 3396 stare
289 3350 375 3397 contri
384 3385 390 3405 ,
400 3360 501 3400 struere
508 3355 588 3402 aciem
598 3354 808 3411 :Hordeoniume
818 3357 936 3404 cubiculo
946 3369 972 3404 et
981 3357 1030 3403 leo·

124 3420 181 3468 tulo
189 3421 292 3483 jubere,
302 3421 424 3488 quidquid
431 3425 501 3476 boati
511 3428 645 3478 conducat.
659 3430 710 3479 Tot
719 3416 826 3480 armatas
834 3428 1029 3482 fortissimorum
