2234 3817
409 147 591 205 austrinis
609 148 675 187 arr.
693 148 716 186 r.
948 173 951 180 ,
979 139 1013 193 53

94 241 245 296 accusator,
264 232 359 300 «qudd
370 233 437 281 inter
448 234 557 281 cultores
567 232 692 297 Augusti,
708 232 752 295 qui
764 245 810 297 per
820 245 909 283 omncs
924 234 1015 285 domos

95 313 124 359 in
142 310 249 359 modum
263 308 434 373 collegiorum
443 305 617 365 habebantur,
633 307 747 356 Cassium
758 307 896 370 quemdam
908 299 1015 360 mimum

95 400 205 448 corpore
214 382 339 433 infamem
351 380 518 430 adscivisset:
533 381 651 445 qubdque
666 380 779 428 venditis
792 379 889 437 bortis,
906 393 1015 433 statuant

92 457 212 525 Augusti
221 458 297 506 simul
310 457 515 519 mancipasset».
529 456 627 504 Rubrio
639 456 739 504 crimini
749 453 856 503 dabatur
868 456 1013 506 «violatum

91 530 211 594 periurio
216 547 310 579 nomeu
316 529 454 594 Augusti».
461 528 523 589 Qnae
531 530 574 577 nbi
582 529 687 578 Tiberio
692 529 807 585 notuere,
816 530 917 591 scripsit
923 546 1012 578 consu·

93 604 165 650 libus
175 620 182 650 ε
194 604 272 652 «Non
281 603 341 652 ideo
351 603 481 650 decretum
491 603 556 666 patri
565 618 611 650 suo
620 602 723 659 coelum,
731 603 757 649 in
766 603 903 668 perniciem
916 605 1013 653 civium

95 677 121 723 ie
130 674 215 723 honor
220 688 370 726 verteretur.
376 675 491 725 Cassium
497 674 645 724 histrionem
653 677 757 724 solitum
763 677 827 726 inter
833 677 894 725 alios
900 677 1014 739 ejusdem

99 747 168 796 artis
176 750 291 799 interesse
298 749 375 809 ludis,
385 764 450 812 quos
461 759 541 796 mater
551 765 595 796 sua
605 751 630 797 iu
637 751 786 812 memoriam
794 749 902 813 Augusti
914 766 1014 798 meras-

94 832 148 871 set.
158 821 302 872 Necnontra
311 824 447 888 religiones
455 823 523 879 fieri,
533 821 603 885 qubd
614 824 775 886 effigieseins,
783 836 811 872 ut
819 824 868 871 alia
876 826 1011 873 nmuinnm

93 894 232 954 simulcra,
240 896 428 944 venditionibus
436 893 571 944 hortorum
579 905 606 942 et
612 895 735 942 domuum
744 895 873 944 accedant.
882 895 1013 958 iusiuran-

94 967 158 1016 dum
169 968 278 1033 perinde
286 968 472 1034 aestimandum,
483 966 561 1033 quim
570 965 592 1016 si
600 968 692 1018 Iovem
701 968 830 1019 fefellisset
840 986 847 1015 z
856 966 963 1018 deorum
972 971 1013 1020 in·

94 1032 173 1096 jurias
187 1040 240 1089 diis
249 1059 349 1092 curae.»

122 1114 247 1164 LXXIV.
262 1117 316 1165 Nec
327 1116 410 1166 multb
429 1129 490 1182 post
505 1113 631 1166 Granium
643 1115 803 1179 Marcellum,
814 1126 950 1181 praetorem
963 1118 1011 1167 Bi·

93 1185 209 1251 thynias,
227 1201 335 1254 questos·
350 1190 430 1256 ipsius
446 1191 532 1256 Caepio
549 1189 678 1255 Crispinus
694 1189 832 1252 majestatis
850 1191 1012 1254 postulavit,

101 1259 277 1310 subscribente
289 1264 405 1311 Romano
422 1262 555 1327 Hispone:
573 1263 619 1327 qni
636 1261 747 1312 formam
765 1263 822 1310 vite
841 1262 913 1320 iniit,
933 1280 1012 1326 qnam

103 1340 195 1394 postea
208 1332 330 1384 celebrem
345 1336 449 1386 miseriae
465 1348 630 1403 temporum,
641 1348 668 1385 et
680 1336 789 1384 audacia
800 1334 933 1384 bominum
946 1337 1011 1384 sece-

103 1415 169 1451 rnnt
180 1422 253 1455 :nent
265 1425 352 1475 egens,
362 1412 464 1476 ignotus
470 1443 479 1468 ‚
492 1411 591 1475 inquies
600 1446 606 1467 ,
616 1409 678 1458 dum
688 1408 795 1457 occultis
806 1408 901 1456 libellis
911 1412 1010 1460 sevitie

100 1477 228 1544 principis
235 1482 345 1550 rdrepit,
358 1499 421 1533 mox
431 1484 571 1533 claristisno
581 1477 672 1548 cirione
681 1482 825 1549 periculum
836 1481 945 1540 facessit,
957 1501 1010 1549 po-

99 1553 213 1602 tentium
221 1555 285 1619 apud
292 1572 381 1617 annm,
388 1557 476 1606 odiunt
486 1557 554 1623 apud
564 1572 652 1606 omnes
660 1556 775 1621 adeptus,
784 1555 855 1604 dedit
863 1558 1009 1623 exemplum

96 1624 167 1688 quod
184 1631 283 1689 secuti,
300 1647 330 1679 ex
343 1630 498 1697 pauperibus
513 1631 624 1693 divites,
641 1645 676 1679 ex
688 1632 841 1695 contemptis
858 1631 1009 1692 metuendi,

94 1699 242 1763 perniciem
261 1705 327 1763 aliis,
350 1720 380 1753 rc
399 1703 557 1769 postremum
577 1705 626 1754 sibi
642 1704 770 1755 invenere.
790 1704 839 1752 Sed
856 1702 1009 1753 Marcellum

95 1772 275 1836 insimulabat,
287 1778 427 1827 (ssinistros
435 1776 467 1823 de
475 1778 579 1828 Tiberio
590 1795 719 1829 sermones
728 1778 844 1826 babuisse
852 1794 885 1825 n:
898 1778 1010 1825 inevita-

96 1842 148 1893 bile
156 1848 269 1909 crimen,
279 1850 378 1900 cumea
386 1850 503 1899 moribus
510 1852 632 1919 principis
638 1852 774 1901 foedissima
781 1866 883 1916 quaeque
890 1850 1008 1916 diligeret

102 1930 232 1969 accusator
242 1958 249 1980 ,
260 1925 446 1988 obiectaretque
461 1941 505 1973 reo
517 1942 523 1973 :
539 1943 599 1974 nam
611 1928 670 1990 quia
680 1941 738 1974 vera
750 1937 823 1976 erent
830 1960 837 1982 ,
847 1926 924 1972 etiem
938 1922 1007 1971 dicta

103 1987 284 2044 credebantur.
303 1996 410 2046 Addidit
429 1999 525 2065 Hispo,
545 2011 674 2047 neumam
688 1999 803 2046 Marcelli
819 1994 911 2048 altilis,
931 1994 1007 2056 quim

99 2060 230 2113 Caesarum
250 2066 346 2115 sitam:
363 2082 389 2117 et
403 2070 448 2120 stit
465 2073 493 2120 in
510 2072 608 2124 statui,
625 2079 754 2133 amputato
775 2066 857 2131 capite
882 2065 1008 2129 Augusti,

98 2136 210 2199 effigiem
222 2138 320 2189 Tiberii
330 2141 432 2192 inditam
441 2161 457 2194 n
470 2163 476 2192 :
493 2142 527 2192 ad
537 2141 606 2207 quod
619 2140 714 2190 exarsit
723 2136 804 2197 adesi,
816 2148 845 2185 ut
856 2137 930 2200 rupti
943 2137 1008 2183 teci-

96 2209 222 2261 turnitate
229 2214 406 2278 proclamaret,
417 2233 432 2264 (t
438 2231 464 2267 se
473 2231 574 2282 quoque
584 2220 610 2265 in
619 2216 647 2263 ed
655 2211 729 2263 causi
737 2214 848 2263 laturum
858 2211 1008 2259 sententiam

93 2283 183 2349 palam
193 2296 217 2333 et
223 2286 331 2349 juratum
338 2306 364 2346 n,
376 2288 428 2352 qud
435 2291 525 2350 ceteris
536 2289 625 2338 eadem
635 2289 768 2337 necessitas
777 2287 858 2334 fieret.
868 2283 1009 2332 Manebant

96 2359 233 2408 etiamtum
239 2364 616 2428 vestigiamorientislibsrtatie.
624 2361 757 2428 igiturcn.
765 2361 896 2427 Piso,Qno
900 2358 1007 2419 unquis,

92 2449 110 2481 <t
118 2433 176 2484 loco
188 2438 303 2486 censebis
320 2436 426 2487 Caesar?
441 2438 462 2486 si
471 2439 570 2504 primus
577 2475 585 2498 ,
597 2438 695 2486 habebo
707 2433 774 2498 quod
787 2448 877 2495 sequar
891 2448 897 2478 ε
914 2433 935 2477 si
948 2440 1008 2493 post

94 2525 195 2569 omnes,
207 2526 296 2559 vereor
306 2528 338 2559 ne
350 2510 500 2576 imprudens
511 2514 657 2561 dissentiam
666 2528 681 2557 n
695 2526 701 2555 ι
715 2517 846 2572 permotus
858 2503 911 2558 his,
925 2519 1008 2562 ψη·

92 2584 174 2648 tbque
183 2583 310 2633 incautius
321 2583 636 2650 efferbuerat,poenitentii
645 2583 752 2647 patiens,
762 2579 822 2625 tulit
832 2574 927 2622 absolvi
935 2588 1010 2624 renue

95 2656 251 2704 criminibus
266 2658 401 2723 maiestatis
415 2677 421 2707 τ
435 2658 466 2710 de
482 2659 597 2726 pecuniis
616 2650 765 2719 repetundis
781 2646 814 2695 ad
828 2647 1009 2712 reciperatores

97 2740 171 2776 stum
179 2741 226 2777 ert.
520 2757 526 2762 -

127 2799 241 2853 LXXV.
248 2803 304 2853 Nec
309 2817 408 2871 patrum
415 2804 605 2874 enguiuonibus
613 2799 726 2856 satiatus,
737 2794 836 2858 judiciis
844 2792 974 2841 adsidebat
979 2795 1007 2843 iu

93 2890 177 2922 cornu
196 2878 344 2945 tribunalis,
358 2900 391 2931 ne
404 2864 541 2949 pratoreiii
556 2872 642 2926 buruli
655 2873 796 2940 depelleret
804 2887 812 2935 3
829 2868 959 2930 multaque
976 2880 1008 2915 eo
1093 2867 1100 2878 ’

94 2964 197 3009 mmm>
210 2952 337 3007 adversor
347 2958 476 3005 ambitum
490 2962 516 3005 et
529 2949 672 3021 potentium
687 2962 775 3014 preces
791 2943 929 2996 corniton
942 2960 948 2990 ι
962 2940 1009 2991 sed

95 3022 159 3069 dum
171 3026 272 3075 veritati
285 3032 442 3090 consulitur,
453 3032 555 3079 libertas
569 3009 790 3088 coitiiinpebstnr,
804 3020 873 3069 luter
884 3021 938 3081 quae
948 3016 1010 3064 Pius

92 3095 213 3147 Aureum
219 3115 329 3164 ῦθῦβῑοιχ
341 3115 450 3170 questus
460 3106 548 3156 «mole
555 3102 665 3169 publicae
675 3101 729 3153 vla,
740 3089 866 3159 ductuqrie
873 3105 1007 3153 aquarum,

91 3169 228 3221 “b‘fwffl
239 3176 305 3228 &ties
317 3191 412 3235 suas,»
426 3179 546 3226 auxilium
558 3187 660 3243 patrum
673 3171 804 3220 invocabat
815 3163 1007 3243 :resistentibus

91 3245 172 3292 mlii
186 3251 357 3311 praetoribus,
375 3247 494 3300 subterit
507 3254 604 3306 Casas,
618 3245 777 3312 pretiumque
793 3240 885 3292 edium
901 3235 1012 3319 ¹Aurelio¹>

91 3318 185 3367 tribuit
199 3339 205 3367 ι
221 3325 355 3390 erogandae
365 3342 413 3392 pet·
421 3324 528 3392 honesta
538 3323 648 3390 pecuniae
658 3321 763 3386 cupiens
777 3334 782 3363 :
799 3327 873 3378 qssam
886 3318 1008 3355 virtutem

85 3390 133 3444 ἀῶ
150 3394 273 3458 “linaiis
289 3413 372 3465 quum
386 3409 481 3450 ceteras
495 3407 607 3450 erueret.
620 3394 753 3461 Propertio
768 3386 859 3505 ltetgt}
874 3377 1003 3444 pretorio,
