2234 3817
79 129 138 183 'ani
269 160 273 164 .
395 129 747 182 noeannaetrt·

85 213 202 281 riuntur,
220 221 286 271 inter
302 236 348 285 ea,
363 237 417 285 que
432 221 546 271 barbaris
560 232 718 285 catenatur,
735 218 860 275 innuere
876 219 996 293 Pompeii
1016 213 1023 218 ’

85 296 234 357 theatrum,
249 294 300 360 quir
316 295 516 361 magnitudinem
532 294 623 361 pepuli
640 296 760 345 viserent.
777 294 833 346 lllic
848 315 894 365 per
910 304 994 351 otium

86 371 177 438 (neque
184 371 250 418 enim
258 368 361 417 ludicris
366 369 447 434 ignari
454 367 655 434 oblectabantur)
663 368 725 417 dunt
734 385 992 433 ocuncessuutcavere,

86 444 230 493 discrimina
236 439 354 494 ordinum
363 474 370 498 ,
378 442 535 505 quiaeques,
546 441 592 489 ubi
599 451 700 489 senatus
708 457 723 489 u
731 448 936 506 percunctantur,
945 445 993 494 ad·

85 518 182 567 rertdre
193 514 315 582 quosdam
324 514 395 564 cultu
402 526 507 564 externo
516 516 542 564 in
551 514 654 564 sedibus
663 525 809 567 senatorum
819 537 824 567 :
833 530 859 568 et
870 521 992 584 equinam
1020 507 1024 512 ⁴

83 591 188 642 forent»
196 590 345 654 rogitantes,
354 599 489 653 postquam
496 587 656 646 audiverant,
666 589 771 637 cerruni
782 592 895 655 gentium
905 594 993 656 legatis

84 665 112 715 id
119 664 222 713 bonoria
231 661 328 725 datum,
337 678 391 727 qua
401 663 494 711 virtute
503 673 529 710 et
539 662 652 712 amicitid
661 663 776 713 Romana
783 666 991 732 procellerentu3

82 739 188 790 itureos
202 748 369 785 nonrauruu
379 748 466 786 ansus
482 748 536 785 aur
549 749 613 784 nnn
624 746 696 784 arnt
708 736 860 788 Germanos
870 752 930 787 asse
945 755 993 788 ex·

83 811 211 868 clamant,
224 808 475 873 degrediunturque,
494 820 522 857 et
533 809 601 860 iuter
612 819 696 873 patres
706 809 842 860 considunt
852 827 859 859 r
870 811 939 877 quod
950 825 993 862 eo·

81 881 160 946 miter
166 882 180 932 i
187 882 327 943 visentibus
335 893 483 948 exceptum,
492 883 564 945 quasi
573 880 683 946 imperils
689 882 786 945 antiqui
793 917 800 942 ,
808 893 835 931 et
843 884 908 933 bona
916 899 991 933 amu·

83 958 189 1008 latione.
199 957 269 1006 Nero
278 956 381 1005 civitate
390 954 503 1005 Romani
512 956 600 1004 ambos
607 954 713 1002 donavit
724 971 730 1003 ε
742 972 757 1002 n
764 956 859 1004 Frisios
868 956 989 1006 decedere

86 1032 177 1096 agrian
187 1030 270 1095 jussit.
279 1027 366 1093 Atque
376 1029 428 1094 illis
436 1028 656 1096 adspernantibus,
663 1028 793 1077 auxiliaris
802 1044 878 1092 eques
885 1030 989 1096 repentis

15 1120 19 1130 ¹
82 1103 416 1166 immissus,neceseitatern
430 1103 533 1166 attulit,
548 1100 628 1169 nuptie
645 1102 760 1163 caelare,
776 1102 820 1167 qui
831 1101 990 1178 perciperint
1064 1123 1069 1132 ¹

82 1179 237 1228 restiterant.
702 1167 708 1186 '
940 1193 943 1200 “
975 1171 980 1179 ’

115 1248 170 1300 Lv.
185 1250 296 1324 Eosdem
308 1267 380 1317 agros
395 1251 526 1302 Antibarii
541 1249 713 1317 occupavlre,
729 1248 836 1300 validior
851 1266 925 1317 gens,
937 1265 991 1301 nors

82 1322 162 1374 modii
173 1324 216 1372 eut
228 1324 303 1390 cupii
309 1362 319 1386 ,
336 1324 380 1374 sed
392 1324 560 1389 adjacentium
574 1325 731 1391 populorum
743 1325 904 1375 miseratione
916 1342 922 1373 :
932 1326 991 1389 quia

80 1393 173 1461 puleii
186 1395 308 1455 Oharreis,
319 1408 347 1445 et
362 1396 429 1446 sedis
442 1398 546 1461 inopes,
562 1406 647 1445 tutum
659 1396 778 1444 exsilium
792 1396 907 1445 orabant.
921 1395 993 1444 Ade-

81 1471 172 1532 ratque
183 1460 214 1507 iis
227 1460 310 1509 clarus
321 1477 366 1525 per
377 1462 434 1511 illas
446 1467 548 1528 gentes,
559 1470 587 1507 et
598 1460 674 1506 nobis
684 1474 785 1522 quoque
796 1458 876 1518 lidus,
887 1462 991 1510 nomine

82 1533 231 1594 Boiocalus,
244 1533 376 1582 evinctum
384 1537 414 1582 'se
423 1534 563 1582 rebellione
572 1530 715 1590 Cherusci,
728 1531 797 1595 jussu
808 1533 939 1592 Armenii,
949 1551 993 1584 re-

74 1608 181 1678 serans,
192 1620 251 1653 mox
262 1604 366 1653 Tiberio
380 1617 406 1652 et
418 1605 571 1653 Germanico
583 1602 708 1667 ducibus,
721 1605 847 1670 stipendia
859 1607 991 1655 meruisse.

75 1678 271 1746 Quinquaginta
279 1691 403 1725 annorum
414 1673 537 1739 obsequio
545 1674 573 1723 id
580 1689 680 1739 quoque
691 1675 842 1742 adjungere,
850 1677 919 1743 quod
927 1693 991 1742 geu·

81 1761 134 1799 tem
142 1765 211 1799 susm
219 1748 311 1797 ditioni
319 1756 410 1795 nostrae
417 1745 564 1812 subjiceret.
575 1746 686 1807 Quotam
697 1759 795 1813 partem
802 1752 886 1815 campi
895 1751 988 1816 jacere,

82 1826 108 1872 in
119 1839 195 1894 quarn
203 1837 295 1888 pecora
305 1831 330 1869 et
341 1831 454 1870 annenta
465 1820 578 1869 militum
589 1820 726 1885 aliquando
739 1819 991 1877 transmitterentur?
1010 1849 1015 1862 ι

79 1898 218 1948 §errarent
231 1896 289 1945 sani
302 1905 417 1960 receptos
427 1894 558 1959 gregibus,
572 1893 638 1942 inter
649 1892 900 1960 nominantem,
911 1892 992 1943 modo
1064 1897 1066 1902 '

83 1987 117 2021 ne
134 1970 281 2021 vastitatem
304 1979 331 2018 et
350 1967 515 2017 solitudinem
529 1967 747 2032 mallent,'quim
764 1969 859 2017 amicos
874 1966 993 2034 populos.

81 2042 272 2093 Chamavorum
277 2041 404 2107 quondam
410 2058 439 2091 ee
444 2041 738 2101 ammoxrunanun,
747 2038 837 2108 etpdst
843 2038 993 2108 Usipiorunr

80 2119 168 2169 fuisse.
178 2117 250 2167 Sicut
260 2117 350 2165 coelum
362 2114 425 2173 diis,
436 2115 473 2165 ita
483 2127 564 2165 terrae
574 2115 660 2181 generi
670 2116 816 2165 mortalium
827 2113 913 2164 datas:
924 2128 994 2179 qure-

78 2183 131 2258 'que
143 2189 240 2251 vaona,
250 2206 291 2238 eac
299 2189 414 2253 publicas
422 2204 508 2237 essen.
517 2190 604 2237 Solem
614 2189 707 2239 deinde
716 2189 864 2254 respiciens,
874 2200 901 2236 et
909 2198 993 2239 cetera

82 2266 167 2316 sidere
174 2276 276 2320 vocans,
287 2259 358 2323 quasi
363 2259 448 2308 norim
457 2261 643 2324 interrogabat,
655 2278 670 2309 (c
677 2261 802 2308 vellentne
812 2259 929 2308 contueri
937 2259 993 2308 ine·

15 2394 20 2403 l
81 2356 113 2390 ne
125 2332 226 2386 solum?
240 2328 326 2400 potiirs
337 2345 405 2379 mare
422 2328 634 2397 superfunderent
645 2328 768 2384 adversita
779 2342 903 2380 terrarum
916 2346 992 2397 erep-

80 2428 148 2466 tores
157 2429 182 2460 r.

111 2482 181 2535 LVI.
190 2479 223 2545 Et
229 2487 371 2529 commotas
378 2473 419 2528 his
424 2477 526 2540 Avitus,
536 2475 676 2545 «patienda
684 2474 819 2524 meliorum
829 2474 945 2541 imperia.
956 2472 989 2532 Id

81 2558 145 2618 diis,
161 2570 225 2620 quos
235 2551 416 2618 implorarent,
430 2552 567 2620 placitum,
582 2562 612 2600 ut
625 2549 760 2600 arbitrium
771 2562 849 2614 penes
859 2547 990 2598 Romanos

80 2641 208 2689 maneret,
219 2626 281 2693 quid
287 2625 376 2678 darent
382 2660 390 2685 ,
398 2625 459 2689 quid
469 2622 785 2690 adimerent-,nequealios
794 2618 890 2684 indices
897 2657 904 2680 ,
912 2618 991 2685 quim

80 2707 149 2771 ipsos
163 2713 343 2770 patereutnru.
359 2697 420 2748 Hae
432 2701 459 2747 in
471 2700 603 2765 publicum
618 2694 759 2746 Antibariis
777 2693 909 2759 respondit
917 2710 926 2756 ς
942 2691 993 2759 ipsi

80 2777 215 2835 Boiocalo,
225 2792 240 2823 n
249 2773 283 2822 ob
293 2773 442 2821 memoriam
454 2773 569 2822 amicitie
580 2771 702 2819 daturum
710 2784 785 2833 agros
793 2784 800 2816 r
807 2783 822 2815 r
830 2765 899 2832 quod
908 2767 951 2816 ille
961 2775 993 2815 ut

79 2847 234 2917 proditionis
241 2844 355 2912 pretium
364 2843 529 2910 adspernatus
538 2844 638 2895 eddidit
647 2861 653 2892 r
662 2844 776 2891 «Deesee
786 2840 860 2889 nobie
869 2850 951 2898 terra,
962 2839 1002 2886 in.

81 2920 129 2985 qui
139 2921 255 2981 vivemus
265 2936 274 2980 3
283 2918 309 2965 in
318 2915 368 2979 qui
377 2918 518 2966 moriamur
526 2954 533 2975 ,
542 2935 595 2967 non
606 2925 692 2983 potest
701 2931 715 2961 u
727 2925 816 2977 :atque
827 2914 875 2970 ita,
884 2909 991 2960 infensis

81 2993 211 3056 utrimque
220 2989 322 3050 animis,
334 2987 484 3038 discessum.
494 2990 536 3039 Illi
545 2991 685 3047 Bructeros,
698 2987 845 3045 Tencteros,
857 2984 993 3036 ulteriores

79 3066 156 3115 etism
163 3064 278 3113 nationes
288 3060 370 3110 socies
377 3061 446 3110 bello
452 3063 588 3113 vocabant.
596 3062 702 3125 livitus,
711 3057 843 3125 scriptoad
851 3057 987 3111 Curtilium

71 3133 214 3194 Manciam,
223 3135 349 3202 superiori
356 3152 367 3185 s
374 3135 498 3185 exercitiis
505 3138 629 3201 legatum,
639 3146 687 3184 cut
698 3131 812 3182 Rhenum
820 3143 989 3196 transgressus

78 3231 148 3263 arma
160 3212 174 3261 i
185 3224 255 3275 tergo
266 3209 437 3259 ostenderet»
449 3228 457 3274 5
467 3209 520 3275 ipse
528 3211 641 3275 legiones
650 3209 675 3256 in
687 3222 775 3272 agrum
784 3202 936 3255 Tencterum
945 3204 989 3252 in·

77 3285 159 3342 eluxit,
167 3285 300 3335 excidium
307 3283 436 3340 minitans,
447 3283 511 3330 enisi
519 3279 894 3334 caunmsuamdissoeiarentu.
908 3278 989 3341 Igitur

74 3350 253 3424 absistentibus
263 3354 304 3408 his
310 3388 319 3419 ,
330 3354 386 3424 pari
394 3365 467 3408 netu
475 3353 588 3414 exterriti
600 3352 718 3429 Bructeri
729 3365 771 3408 :et
786 3353 877 3429 reteri·
884 3361 985 3419 t⁰⁰i¹0

252 3472 255 3477 .
716 3461 720 3466 ·
850 3449 865 3476 l
