2234 3817
336 171 570 212 nrsronrtrtnrr
591 176 656 215 urs.
674 178 713 215 ιι.
924 171 973 226 561

66 270 174 324 tumque
185 254 218 307 sd
232 254 357 324 invidiam
373 256 490 305 Marcelli
507 259 616 323 nomen,
634 261 776 309 irritaverat
794 259 934 327 Casinam,
944 279 975 317 ut

66 350 153 384 nurus
167 331 267 389 adhuc,
282 332 345 379 etin
361 342 476 379 senatum
487 327 569 397 nuper
580 332 690 382 adscitus
699 333 817 400 ‚maguis
834 338 978 390 inimicitiis

65 407 233 464 claresceret,
245 404 422 454 Moderatione
437 406 573 455 meliorum
588 406 717 473 dirempti.
730 408 763 456 Et
773 408 872 459 rediere
885 429 975 462 omncs

66 481 228 540 Bononiam,
242 478 328 528 rursus
342 478 518 527 consiliaturi.
512 481 621 539 simul,
638 480 725 530 medio
738 485 877 567 temporis,
890 488 976 552 plures

67 555 153 616 nuntii
164 554 337 618 sperabantur.
352 552 487 611 Bononiae,
502 551 592 602 divisis
609 567 654 618 per
668 554 758 603 itinera
770 557 814 619 qui
827 561 975 609 recentissi-

68 644 144 677 mum
162 643 286 691 quemque
303 632 545 691 percunctarentur,
562 619 731 692 inferrogstus
747 628 856 679 Othonis
868 633 975 684 libertus

70 703 194 751 neausam
204 696 340 764 digressis,
350 699 442 747 babere
451 713 477 746 se
486 715 603 764 suprema
612 700 665 764 ejus
672 699 791 750 mandata
799 719 814 750 ι
826 704 975 771 respondit:

69 775 176 841 «ipsum
184 775 313 822 virentem
324 771 428 836 quidem
437 772 554 825 relictum
564 810 571 833 ,
581 774 626 823 sed
636 775 689 824 soli
698 775 855 840 posteritatis
866 780 941 842 curi,
951 792 978 832 et

66 848 184 914 abruptis
197 848 252 896 sitas
262 845 475 895 blandimentisu.
489 847 558 895 Hinc
572 845 725 910 admiratio,
737 858 763 896 et
774 848 846 913 plura
862 852 977 903 iuterro-

66 921 144 989 gsudi
157 919 251 987 pudor.
265 918 355 983 Atque
365 921 481 970 omniurn
492 921 572 968 animi
582 921 608 969 in
618 920 752 970 Vitellium
764 921 928 976 inclinavere.
982 931 983 936 ’

98 993 167 1042 LIV.
181 990 307 1058 Intererat
316 992 426 1041 consiliis
436 990 515 1041 frater
524 993 578 1054 cius
588 993 616 1040 L.
627 993 757 1051 Vitellius,
767 1009 844 1059 seque
852 994 902 1056 jam
912 997 979 1048 adu·

65 1066 180 1118 lantibus
188 1064 324 1130 offerebat,
334 1082 411 1130 quum
420 1064 524 1131 repente
533 1066 624 1116 Coenus
632 1102 639 1126 ,
648 1067 755 1115 libertus
762 1066 889 1128 Neronis,
899 1073 981 1122 atroci

65 1139 202 1191 mendacio
207 1140 340 1188 universos
348 1139 473 1203 perculit,
484 1138 620 1188 adfirmans
633 1150 807 1206 «superventu
817 1143 979 1205 quartadeci·
1042 1135 1048 1148 ’

64 1229 114 1264 maa
122 1215 240 1279 legionis,
249 1214 341 1277 junctis
348 1213 363 1261 i
371 1214 483 1263 Brixello
489 1207 596 1273 viribus,
604 1229 680 1262 caesos
687 1214 805 1275 victores,
814 1231 913 1263 rerssnr
924 1234 981 1282 par·

68 1289 139 1335 tium
147 1286 306 1338 lortunamn.
318 1289 400 1337 Causa
409 1285 520 1352 fingendi
529 1286 592 1347 luit,
604 1296 633 1335 nt
641 1286 779 1351 diplomata
789 1286 909 1347 Othonis,
926 1306 980 1354 quar

65 1360 265 1425 negligebantur,
275 1363 370 1411 latiore
375 1362 468 1410 nuntio
477 1362 672 1411 revalescerent.
681 1361 715 1410 Et
724 1360 814 1414 Coenus
824 1361 926 1430 quidem
937 1380 979 1412 ra·

66 1430 130 1499 piris
138 1434 165 1481 in
172 1435 259 1484 urbem
270 1448 370 1498 vectus,
379 1450 474 1500 paucos
483 1445 543 1500 post
552 1434 606 1483 dies
615 1470 621 1491 ,
631 1433 702 1498 jussu
711 1434 808 1482 Vitellii
819 1451 905 1500 poenas
918 1439 979 1489 luit.

66 1508 217 1559 Senatorum
224 1511 365 1575 pericnlum
378 1522 495 1567 auctum,
506 1507 670 1558 credentibus
679 1506 831 1557 Othonianis
843 1511 977 1573 militibus,

67 1596 131 1631 vcra
140 1596 196 1629 esse
210 1599 262 1646 qnae
273 1577 450 1632 afferebantur.
463 1580 616 1630 Intendebat
627 1579 806 1637 formidinem,
818 1584 868 1646 qud
880 1587 977 1649 publici

67 1655 173 1704 consilii.
185 1653 248 1704 facie
261 1656 401 1705 discessum
417 1654 533 1711 Matini,
545 1655 698 1721 desertaque
709 1668 795 1722 partes
807 1654 901 1706 forent.
914 1660 971 1710 Nec

67 1726 134 1778 ultrei
152 1727 179 1776 in
196 1744 330 1778 commune
352 1730 489 1793 congressi,
507 1728 555 1777 sibi
575 1728 682 1793 quisquc
700 1726 851 1777 consuludre
871 1751 877 1781 :
897 1734 980 1783 donec

4 1847 5 1852 ,
67 1800 259 1851 moralitatis
268 1803 376 1856 Valente
388 1802 499 1883 epistolas
510 1800 642 1849 demerent
654 1812 761 1850 metum.
771 1801 805 1851 Et
815 1816 884 1854 mors
895 1805 979 1858 Otho

4 1866 7 1930 ζ
67 1875 109 1925 nis
114 1875 181 1938 ,qub
189 1875 349 1935 laudabilior,
358 1874 389 1923 eb
399 1870 512 1923 velocius
522 1870 620 1919 audita.

3 1935 6 1946 ’
101 1948 159 1999 LV.
172 1948 206 1997 At
214 1950 299 1998 Romae
307 1946 372 1998 nihil
387 1943 575 2011 trepidationis.
587 1942 770 1996 Cerealeslndr
779 1960 812 1991 ex
821 1933 977 2017 morespec·

68 2021 200 2071 tabautur.
208 2016 835 2075 Uracerstsaevirrorhonem,ettFtaviosabino
841 2020 976 2085 ,prefecto

69 2096 142 2146 urbis
148 2132 156 2155 ,
166 2095 234 2161 qnod
244 2108 298 2145 erat
308 2099 335 2145 in
346 2096 409 2144 urbe
420 2094 532 2142 militnm
544 2103 703 2140 sacramento
712 2090 811 2139 Vitellii
820 2093 936 2146 adactum
946 2114 977 2163 n,

70 2172 136 2218 certi
146 2182 259 2220 auctores
274 2172 301 2222 iu
308 2167 589 2229 theatrumattulerunt,
602 2164 836 2238 Vitellioplausdre
844 2185 849 2215 ι
857 2171 976 2235 populus,

70 2258 131 2292 cum
141 2243 252 2293 lanruac
260 2245 379 2303 floribus,
389 2243 476 2291 Galbae
488 2242 609 2306 imagines
617 2239 714 2288 circum
724 2240 818 2307 templa
828 2243 901 2304 tulit,
912 2254 977 2295 con-

69 2318 149 2382 gestis
159 2317 184 2365 iu
194 2317 296 2374 modum
306 2317 400 2366 tumuli
408 2317 519 2372 coronis,
531 2315 599 2377 juxta
609 2314 692 2361 lacum
701 2313 796 2372 Curtii,
806 2332 881 2379 quem
890 2320 975 2371 locum

70 2390 156 2444 Galba
164 2393 274 2440 moriens
285 2390 406 2455 sanguiue
418 2388 546 2439 infecerat.
559 2386 590 2435 In
600 2399 691 2437 senatu
705 2398 809 2455 cuncta,
820 2388 901 2455 longis
911 2394 977 2443 alis·

70 2480 128 2521 runa
139 2466 323 2531 principatibus
330 2462 490 2528 composita,
498 2462 586 2532 statim
595 2451 774 2510 decernuntur.
787 2461 886 2512 Addirae
897 2483 977 2532 aergo

59 2539 239 2588 Germanicos
248 2536 373 2585 exercitus
384 2534 472 2583 laudes
478 2546 628 2600 gratesque
638 2551 673 2584 ι)
677 2546 708 2583 et
718 2549 794 2583 missa
803 2536 910 2599 legatio
922 2555 976 2603 quae

68 2611 164 2677 gaudio
176 2610 332 2682 iungeretur
341 2611 460 2664 Recitata
472 2609 543 2658 Fabrr
552 2601 669 2658 Valentts
679 2608 803 2671 epistolae
819 2608 851 2655 ad
859 2610 978 2660 consules
1057 2657 1062 2668 ,

69 2687 182 2756 scripta
186 2683 255 2731 band
270 2683 454 2735 immoderate.
469 2684 565 2748 gratior
576 2681 676 2729 Carina
691 2677 815 2731 modestia
830 2677 892 2750 fuit,
907 2679 977 2772 quaid

68 2773 124 2809 non
136 2757 286 2822 scripsisset.

100 2831 174 2881 LVl.
190 2830 309 2880 Ceterdm
318 2830 390 2880 ltalia
399 2829 581 2914 gravidamque
590 2821 714 2886 atrociirs,
724 2841 800 2890 quam
810 2824 877 2874 bello
886 2799 976 2880 addis·

70 2904 190 2954 sabatur:
203 2903 311 2990 dispersi
323 2920 368 2970 per
382 2903 520 2969 municipia
535 2910 562 2948 et
575 2899 687 2948 colonias
697 2899 839 2956 Vitelliani,
854 2902 980 2966 spoliare,

68 2987 176 3044 rapere,
191 2995 216 3026 rr
227 2989 255 3026 et
269 2991 362 3043 stupris
373 2980 508 3044 polluere
523 2993 549 3025 ιιι
561 2991 636 3024 omne
653 2973 689 3022 las
704 2970 821 3038 nefasque
835 2974 921 3033 aridi,
933 2991 977 3029 aut

68 3053 187 3111 venales,
198 3069 250 3100 non
261 3068 348 3110 sacro
360 3069 413 3100 non
426 3052 532 3117 profano
547 3048 715 3097 abstinebant.
731 3048 764 3095 Et
778 3046 933 3113 ludre,qtn
927 3069 979 3101 mr

69 3126 154 3176 rnicos
162 3141 221 3171 suos
229 3125 329 3189 s,pecie
342 3126 472 3187 militum,
483 3122 660 3173 interficerent.
671 3119 771 3185 Ipsique
780 3120 885 3177 militer,
895 3126 979 3188 regio.

70 3214 135 3248 unm
144 3213 229 3262 gnarr
240 3196 345 3247 refertos
357 3214 446 3262 agros
456 3198 520 3246 drtcs
532 3193 681 3253 dominos
675 3210 701 3239 m
712 3191 835 3257 praedam
849 3197 923 3242 sutsr
936 3214 977 3245 re

66 3269 306 3338 puguatnmforct‚
321 3268 678 3327 adercidiumdestinalrant3
691 3264 925 3313 obnoxiisducibns
932 3283 978 3329 ‚et

65 3342 205 3408 probibere
215 3360 268 3390 non
278 3344 363 3393 ansis:
374 3341 457 3392 minirs
470 3340 614 3391 avaritiam
624 3336 720 3388 Caecinai
728 3338 804 3403 ,plns
814 3338 976 3388 ambitionis:

66 3411 179 3479 Yslrns,
195 3416 229 3469 ob
239 3417 312 3472 luera
326 3429 352 3471 et
366 3427 475 3489 questus
486 3414 601 3477 infamia,
618 3411 698 3480 edqrte
711 3411 798 3464 alienas
813 3411 889 3462 etiam
899 3413 978 3482 culpas
1038 3457 1041 3462 ⁴

644 3583 651 3598 .
801 3482 825 3547 Q
