2234 3817
1006 97 1015 120 ,

391 130 574 174 lunantur«
591 137 655 174 ura.
675 137 728 174 rrr.
982 125 1015 179 83

98 213 342 282 Homonadensium
358 220 484 277 castellis,
502 217 607 284 insignia
626 203 751 285 triumphi
761 217 880 285 adeptus·
892 218 1015 286 danisque

51 299 55 304 ¹
101 316 185 357 rectos
196 302 227 352 C.
246 298 342 352 Caesari
355 297 503 346 Armenium
516 296 655 353 obtinenti,
670 296 802 344 Tiberium
817 257 917 360 qudtae
929 295 1016 348 Rhodi

99 388 218 445 agentem
232 375 352 424 coluerat
363 387 369 418 ε
380 367 450 433 quod
465 380 525 417 tunc
539 365 659 435 patefecit
670 368 698 417 in
710 380 815 417 senatu:
830 368 939 419 laudatis
952 372 975 419 in
988 385 1015 419 se

100 452 208 507 officiis,
223 454 251 496 et
261 447 403 494 incusator(
413 442 453 490 M.
463 439 548 489 Lollio
553 476 561 498 ‚
574 457 650 509 quem
661 452 792 490 auctorem
806 443 837 490 C.
852 442 942 491 Casani
954 460 1017 509 pra-

97 520 187 570 vitatis
196 533 224 570 et
231 516 439 568 discoffliarumn
451 513 585 578 arguebat:
595 510 641 560 sed
648 514 740 562 ceteris
749 513 816 563 haud
825 515 881 562 laeta
893 516 1016 565 memoria

101 595 205 659 Quirini
216 604 272 641 erat
281 628 289 649 ,
299 591 334 639 ob
347 591 461 644 intenta,
473 597 504 634 ut
514 585 668 649 memoravi,
684 575 784 651 Lepidae
792 586 1018 653 pericularsordi-

103 665 215 731 demque
228 677 254 714 et
264 667 449 729 praepotentem
459 670 597 708 senectam.
686 655 689 660 ’

140 737 238 786 xcix.
254 737 316 784 Fine
325 734 399 791 anni,
410 731 584 781 c.Lut0rium
594 730 724 796 Priscum,
734 732 845 796 equitem
852 734 1014 795 Romanum,

107 821 169 876 post
180 809 276 857 celebre
285 822 398 862 carmen,
411 821 463 868 quo
475 803 619 852 Germanici
631 819 747 870 suprema
753 803 1017 872 deileverat‚pecunid

107 882 235 932 donatum
249 878 264 928 it
277 880 383 940 cesare,
402 876 530 943 corripuit
544 875 643 923 delatos·
651 911 658 933 ,
670 877 814 941 objectans,
828 894 917 944 ntegro
934 879 1017 929 Druso

104 953 284 1021 composuisse
291 950 377 1015 ,quod
386 986 394 1009 ,
408 950 429 997 si
438 947 581 996 exstinctus
591 947 671 1006 soret,
681 949 776 1010 majore
786 951 889 1015 praemio
900 952 1019 1015 vulgare-

103 1041 146 1081 tur
161 1044 188 1077 n.
204 1025 237 1075 Id
249 1025 280 1073 C.
293 1023 412 1072 Latonius
428 1018 454 1070 in
471 1019 550 1068 domo
564 1021 595 1069 P.
613 1020 740 1079 Petronii,
755 1027 829 1070 socru
846 1023 899 1087 ejus
915 1021 1018 1073 vitulis

95 1095 201 1160 'eoram
211 1099 350 1162 multisque
363 1095 503 1145 illustribus
512 1094 614 1143 leminis
621 1130 628 1150 ‚
636 1108 681 1159 per
690 1094 903 1166 vaniloquentiam
912 1097 1018 1162 legerat.

104 1176 141 1226 Ut
152 1174 255 1224 delator
265 1172 379 1228 exstitit,
393 1171 486 1230 ceteris
498 1168 529 1216 ad
542 1167 678 1217 dicendum
689 1170 865 1221 testimonium
878 1172 1019 1234 exterritisq
1078 1177 1081 1184 '

106 1251 162 1299 sola
169 1247 290 1309 Vitellia,
300 1243 375 1297 nihil
382 1262 410 1295 se
422 1243 571 1302 audivisse,
578 1241 736 1291 adseveravit
744 1261 750 1290 :
759 1243 804 1292 sed
813 1246 976 1310 arguentibus
986 1244 1021 1293 ad

106 1319 252 1389 perniciem
258 1319 319 1383 plna
327 1314 386 1363 lidei
397 1314 446 1362 luit
457 1331 463 1361 τ
475 1312 649 1377 sententiique
658 1313 756 1365 Haterii
765 1314 882 1382 Agrippae
891 1352 898 1376 ,
908 1317 1021 1366 consulis

110 1391 253 1457 designati,
268 1389 388 1438 indictum
399 1403 444 1435 reo
456 1385 577 1436 ultimum
588 1388 752 1452 supplicium.
765 1449 767 1454 y

141 1467 175 1518 L.
195 1462 335 1514 Contrilli.
344 1460 455 1528 Lepidus
464 1461 489 1509 in
499 1460 569 1509 hunc
577 1460 684 1510 modum
698 1477 802 1511 exorsus
812 1474 858 1513 est.
867 1463 924 1522 nst,
936 1469 1022 1532 pstre's

107 1538 268 1602 conscripti,
278 1551 356 1585 unum
370 1534 397 1582 id
413 1544 571 1599 spectamus,
585 1533 661 1598 qu'am
672 1534 766 1584 nefarii
780 1551 842 1585 voce
855 1538 887 1587 0.
900 1535 1024 1587 Lutorina

107 1615 213 1667 Priscus
221 1617 331 1661 mentem
340 1623 422 1663 suam,
432 1618 458 1655 et
464 1621 537 1656 aures
547 1606 679 1656 hominurn
688 1608 824 1674 polluerit,
835 1625 916 1675 neque
926 1626 1021 1672 carcer,

105 1701 193 1751 neque
200 1685 314 1749 laqueus,
322 1697 355 1729 ne
366 1678 472 1728 serviles
480 1678 582 1744 quidun
589 1681 713 1729 cruciatus
722 1681 749 1729 in
757 1696 816 1730 eum
821 1681 962 1731 suffecerint
970 1700 975 1730 :
982 1682 1022 1731 sin

106 1760 203 1825 flagitia
213 1769 242 1808 et
249 1747 358 1805 facinora
367 1756 422 1802 sino
431 1747 591 1816 modosnnt;
602 1756 733 1821 suppliciis
740 1771 770 1805 ae
777 1757 895 1805 remediis
901 1756 1024 1823 principis

108 1834 269 1891 moderatio,
281 1829 458 1891 maiorumque
469 1838 494 1875 et
508 1839 592 1877 vestra
604 1829 718 1894 exempla
730 1841 884 1896 temperant5
895 1841 920 1879 et
932 1846 995 1878 vana
1007 1829 1023 1878 a

111 1906 238 1963 scelestis,
255 1904 323 1953 dicta
340 1901 354 1950 i
370 1900 502 1950 maleficiis
517 1899 657 1951 differunt:
673 1914 713 1951 est
726 1904 797 1953 locus
812 1903 956 1965 sententiae,
976 1917 1022 1968 per

76 2023 83 2028 ,
114 1989 190 2039 quam
198 1989 281 2038 neque
289 1973 351 2022 huic
360 1972 483 2021 delictum
491 1972 594 2039 impune
605 1975 655 2035 sit,
665 1985 692 2022 et
701 1991 749 2023 nos
757 1976 898 2024 clementia
910 1976 986 2023 simui
993 1989 1023 2023 ae

112 2047 261 2097 severitatis
270 2062 321 2095 non
326 2046 456 2111 poeniteat.
465 2045 534 2110 Saepe
544 2044 632 2094 audivi
639 2047 782 2111 principem
790 2059 905 2095 nostrum
911 2063 1024 2110 conque-

113 2131 235 2177 rentem,
245 2119 331 2182 siquis
343 2117 456 2184 ‚sumpti
468 2117 563 2176 morte,
580 2117 779 2166 misericordiam
793 2118 846 2181 ejus
855 2121 1024 2185 prevenisset.

112 2192 177 2246 Vita
188 2192 287 2240 Lutorii
297 2192 323 2238 iu
334 2191 428 2256 integro
441 2201 479 2241 est
489 2208 498 2239 τ
510 2191 553 2254 qui
563 2203 647 2255 neque
657 2195 771 2241 servatus
783 2193 809 2240 iu
823 2192 964 2257 periculum
973 2194 1025 2241 rei·

112 2265 224 2333 publice
230 2302 238 2326 ,
248 2281 326 2330 neque
336 2265 481 2315 interiectus
489 2267 515 2315 in
527 2267 672 2332 exemplum
682 2267 746 2317 ibit:
756 2265 839 2316 studia
849 2268 900 2328 illi,
910 2280 938 2318 ut
945 2269 1021 2336 plena

113 2341 254 2399 vecordiae,
269 2343 303 2389 ita
314 2341 398 2389 inania
408 2351 434 2389 et
443 2341 509 2389 liuns
520 2353 595 2390 sunt:
605 2342 798 2408 necquidquam
808 2360 884 2409 grave
891 2361 920 2393 ac
930 2346 1025 2395 serium

110 2432 141 2468 ex
151 2433 182 2466 eo
190 2427 288 2465 metuas
298 2452 304 2472 ,
313 2416 358 2479 qui
367 2431 472 2463 suornm
483 2416 535 2481 ipse
545 2417 699 2482 flagitiorum
709 2415 836 2483 proditor,
847 2434 899 2467 non
909 2421 1024 2468 virorum

111 2493 217 2555 animis,
230 2489 276 2538 sed
285 2489 494 2538 muliercularum
503 2490 601 2558 udrepit
612 2510 618 2539 τ
628 2491 702 2542 cedat
714 2504 799 2542 tamen
810 2493 886 2549 urbe,
898 2504 937 2550 et,
947 2494 1029 2546 isonis

112 2565 213 2612 amissis
226 2599 232 2619 ‚
244 2559 308 2624 aqui
321 2572 348 2610 et
362 2564 415 2628 igni
428 2574 552 2616 arceatur.
570 2564 645 2626 Quod
660 2561 767 2630 perinde
777 2579 883 2621 censeo,
895 2578 925 2610 ac
936 2565 958 2611 si
968 2566 1027 2629 lege

111 2633 257 2699 maiestatis
271 2644 408 2686 teneretur.

151 2709 199 2756 LI.
217 2706 289 2754 Solus
297 2709 392 2774 Lepido
408 2711 542 2761 Rubellius
557 2708 667 2759 Blandus
682 2706 880 2757 econsutaribus
894 2708 1025 2763 adsensit:

123 2778 204 2829 ceteri
212 2782 358 2829 sententiam
366 2784 425 2848 Agri
445 2801 482 2849 pre
492 2784 586 2836 recu-tu
595 2781 735 2843 ductusque
745 2779 902 2830 incarcerem
912 2781 1028 2848 Priscus,

28 2913 50 2924 ἦ
119 2867 149 2902 nc
164 2850 252 2899 statim
262 2802 468 2905 exanimataepid
477 2854 596 2903 Tiberius
608 2853 689 2901 solitis
700 2852 747 2902 sibi
759 2851 906 2915 ambagibus
916 2856 983 2922 apud
991 2867 1028 2905 se·

115 2936 207 2976 natum
221 2926 361 2996 incusuvit,
374 2946 453 2994 quum
470 2928 602 2978 extolleret
617 2928 777 2994 upietetem,
790 2928 906 2990 quamtis
916 2928 1032 2980 modim

113 3002 240 3070 principis
251 3003 357 3065 injurias
367 3008 458 3055 acriter
467 3006 644 3055 ulciscentium
653 3023 659 3069 3
672 3006 864 3069 deprecaretur
872 3016 926 3055 tam
938 3007 1029 3072 praeci·

113 3077 177 3143 pitis
186 3076 323 3125 vernonum
333 3075 455 3145 poenaeue
468 3079 582 3127 laudaret
590 3076 732 3144 Lepidum,
746 3093 827 3142 neque
835 3078 974 3145 Agrippam
985 3097 1029 3127 ar·-

115 3162 214 3215 gueret.
223 3151 304 3215 Igitur
312 3152 411 3201 facturn
420 3152 676 3211 senatusconsultum,
688 3167 741 3199 nne
751 3149 850 3199 decreta
858 3166 960 3217 patrum
970 3159 1032 3199 ante

115 3224 185 3275 diem
195 3228 327 3278 decimum
339 3231 372 3279 ad
381 3232 493 3280 serarium
504 3226 676 3291 delementum
686 3228 763 3292 idque
772 3229 828 3277 tite
838 3230 946 3293 spatium
955 3227 1029 3276 dam-

113 3302 181 3350 natis
190 3316 392 3369 prorogaretur»)
402 3323 408 3354 :
416 3304 518 3354 sednon
526 3303 733 3353 senattrilibertas
741 3302 774 3352 cd
782 3304 954 3369 poenitentiam
962 3311 1017 3349 erat
1026 3323 1037 3365 ·,

98 3443 105 3462 r
116 3386 201 3444 nsque
211 3375 337 3430 Tiberius
347 3379 481 3448 interjectu
486 3377 613 3446 temporis
623 3378 793 3448 mitigabatur.
808 3446 834 3495 D
849 3443 868 3492 6
882 3387 886 3396 “
