2234 3817
369 181 712 227 trutmoniam.
943 179 992 233 265

82 270 140 321 dies
151 283 195 335 per
204 279 337 322 somnum,
351 278 401 311 nox
411 264 513 320 officiis,
525 278 550 315 et
560 267 754 319 oblectamentis
766 270 822 320 rite
835 274 992 339 transigeba-

81 357 142 395 tur:
155 354 232 407 utque
242 341 306 388 alios
318 336 457 397 industria,
467 339 501 388 ita
511 340 579 389 bunc
590 343 689 407 ignaria
699 344 731 393 ad
741 345 831 393 lamam
841 349 991 411 protulerat,
1006 329 1014 340 ,

81 416 278 477 habebaturque
290 426 341 457 non
351 424 445 472 ganeo,
454 420 480 457 et
489 415 648 480 profligator,
659 429 686 464 ur
696 417 807 482 plerique
818 434 861 467 sua
871 420 993 471 haurien-

80 491 160 548 tium,
172 486 216 535 sed
227 484 330 534 erudito
342 483 412 530 luxu·
421 481 459 532 Ac
471 484 537 534 elicta
549 485 663 552 laetaque
676 491 729 553 ejus
740 491 837 555 quantd
854 494 989 555 solutiora,

81 577 108 615 et
119 563 256 628 quamdam
267 562 306 611 sui
315 559 495 625 negligentiam
505 560 677 625 praeferentia,
691 567 761 614 tanti)
772 565 867 629 gratiiss
876 607 885 631 ,
896 571 921 617 in
935 586 995 636 spe·

81 641 149 687 ciem
160 636 344 702 simplicitatis,
357 633 555 699 accipiebantur.
568 634 706 686 Proconsul
719 640 952 708 tamerabitbynia,
967 654 1003 700 et

83 729 147 763 mox
158 712 259 771 consul,
276 710 404 774 vigentem
419 723 460 764 se,
474 723 502 755 ae
513 724 600 773 parem
611 713 719 777 negotiis
730 713 859 762 ostendit:
876 715 933 763 dein
948 705 1002 764 w,

85 786 189 835 volume
198 783 231 833 ad
241 784 302 831 vitia
313 820 318 840 ‚
328 800 372 831 reu
382 782 502 831 vitiorum
512 782 697 844 imitationem,
709 788 774 836 inter
783 804 876 852 paucos
883 787 994 838 familia·

84 859 154 908 rium
164 858 258 906 Neroni
270 855 419 921 adsumptus
430 867 484 917 est,
501 855 629 920 elegantia
639 860 747 917 arbiter,
758 859 819 908 dum
834 861 897 909 nibil
912 879 995 911 amoe-

83 948 163 987 num,
177 942 203 978 et
216 929 293 978 molle
302 928 429 978 affluentia
439 933 530 994 putat,
547 930 599 978 nisi
608 932 677 994 quod
688 934 711 980 ei
720 934 854 982 Petronius
865 935 995 999 approba-

83 1006 174 1053 visset.
184 1003 259 1052 Unde
269 1002 362 1052 invidia
371 1002 506 1066 Tigellini,
515 1003 588 1066 quasi
597 1003 717 1053 adversita
726 1006 855 1063 emulum,
874 1018 900 1056 et
911 1010 994 1058 soien-
1020 1029 1025 1036 ·

87 1080 121 1128 til
132 1080 291 1143 voluptatum
300 1076 438 1141 potiorem.
451 1075 519 1138 Ergo
528 1075 705 1127 crudelitatem
715 1081 846 1145 principie,
855 1081 897 1128 cui
906 1088 994 1132 ceterae

60 1179 64 1186 ι
84 1151 203 1201 libidines
217 1150 353 1207 cedebant,
372 1147 530 1213 aggreditur,
542 1145 680 1200 amicitiam
695 1153 794 1201 Scerini
807 1152 927 1202 Petronio
939 1157 992 1204 ob·

85 1226 182 1289 jectam
188 1262 196 1287 ,
207 1233 326 1289 corrupto
335 1221 368 1270 ad
378 1221 502 1270 indicium
512 1237 599 1285 servo,
613 1225 780 1291 ademptique
793 1224 954 1288 deleneione,
968 1240 996 1279 et

85 1299 182 1360 maiore
190 1309 258 1364 parte
267 1296 366 1345 familiae
375 1296 401 1343 in
415 1295 498 1343 vincla
508 1297 590 1361 rapti.
844 1338 848 1344 .

123 1371 195 1419 XIX.
208 1369 342 1419 Feruentis
351 1368 440 1417 diebus
452 1370 617 1435 Campaniam
625 1370 750 1436 petiverat
759 1372 852 1426 Caesar.
866 1384 892 1421 et
901 1374 995 1424 Cumae

64 1463 71 1470 ·“
90 1461 171 1507 usque
178 1460 321 1510 progressus
330 1443 466 1492 Petronius
474 1443 526 1491 illic
535 1445 700 1494 attinebatur.
710 1445 765 1495 Nec
776 1448 834 1495 tulit
843 1446 909 1495 ultrei
916 1447 995 1497 timo·

91 1519 127 1565 ris
137 1530 180 1566 aut
189 1521 241 1584 spei
251 1535 334 1568 moras
345 1535 353 1565 r
366 1533 447 1581 neque
460 1528 546 1566 tamen
554 1534 665 1584 preceps
675 1521 755 1567 vitam
766 1520 877 1584 expulit,
893 1521 937 1569 sed
949 1522 995 1568 in-

90 1593 156 1641 cisas
171 1610 258 1656 renas,
275 1603 305 1640 ut
317 1591 435 1648 libitum,
451 1590 589 1656 obligatas,
610 1592 707 1657 aperire
724 1592 840 1656 rursiam,
855 1606 881 1642 et
899 1594 995 1658 alloqui

88 1670 198 1729 amicos,
211 1684 264 1717 non
280 1682 324 1731 per
342 1665 419 1724 seria,
430 1675 474 1714 aut
487 1665 581 1729 quibus
596 1667 741 1714 constantia
759 1666 868 1729 gloriam
886 1677 996 1730 peteret.

88 1740 263 1803 Audiebatque
272 1735 409 1787 relerentes
416 1773 424 1795 ,
432 1736 497 1785 nibil
505 1736 537 1787 de
547 1740 738 1788 immortalitate
747 1740 849 1798 anima,
860 1749 885 1787 et
892 1740 997 1803 sapien·
1079 1749 1085 1755 ”

87 1816 154 1864 tium
163 1813 275 1880 placitis,
287 1810 333 1860 sed
341 1811 407 1858 levia
417 1810 541 1876 carmina,
552 1822 578 1859 et
585 1809 671 1860 luciles
678 1828 765 1860 versus
775 1829 780 1859 :
792 1828 923 1862 serrorum
932 1814 997 1863 alios

89 1888 239 1951 largitione,
250 1885 372 1950 quosdam
386 1884 535 1932 verberibus
546 1882 656 1932 adiecit:
670 1885 727 1933 iniit
737 1895 763 1931 et
777 1886 843 1947 rias,
858 1900 951 1935 somno
959 1887 998 1935 iu·

94 1950 173 2007 dulcit
182 1996 188 2016 ,
198 1971 228 2007 ut
236 1974 376 2022 quanquam
389 1968 476 2004 coacta
487 1971 570 2011 mors,
584 1954 694 2003 fortuitae
708 1954 796 2009 similis
808 1968 883 2003 esset.
898 1958 936 2005 Ne
948 1973 996 2007 co·

95 2032 189 2082 dioillis
197 2032 298 2097 quidem
309 2031 393 2098 (quod
402 2033 517 2097 plerique
524 2029 700 2095 pereuntium)
711 2028 840 2078 Neronem
855 2043 899 2078 aut
907 2032 997 2096 Tigel-

91 2107 189 2168 linum,
208 2119 251 2156 aut
269 2124 343 2171 qoem
362 2107 441 2156 alium
459 2104 606 2171 potentium
620 2103 736 2154 adulatus
759 2116 820 2152 est:
842 2083 886 2151 aed
904 2099 999 2169 flagitia

91 2182 228 2245 principis,
241 2180 288 2229 tub
302 2180 448 2229 nominibus
462 2179 638 2234 exoletorum,
655 2176 868 2240 feminarumque,
884 2187 908 2223 et
922 2177 999 2226 novi-

95 2263 149 2305 tate
160 2258 278 2321 cuiusque
293 2257 389 2322 stupri,
402 2255 563 2322 perscripsit,
575 2265 649 2318 atque
662 2253 792 2318 obsignata
804 2253 873 2301 misit
884 2251 999 2318 Neroni:

94 2327 217 2393 fregitque
230 2329 365 2388 annulum,
380 2345 411 2377 ue
422 2346 481 2378 mox
490 2329 548 2377 usui
560 2340 626 2376 esset
636 2325 668 2375 ad
678 2327 791 2376 facienda
803 2325 925 2392 pericula.
1047 2378 1050 2384 Ι

127 2404 185 2451 XX.
197 2402 345 2469 Ambigenti
357 2402 469 2461 Neroni,
482 2419 591 2466 quonam
606 2402 683 2450 modo
691 2404 806 2451 noctium
818 2407 918 2450 auarum
930 2401 1002 2465 inge·
1085 2402 1086 2405 ’

94 2475 137 2522 nia
147 2477 320 2536 notescerent,
332 2474 435 2523 offertur
442 2475 514 2534 Silia,
524 2477 688 2525 matrimonio
696 2473 891 2524 senatorirhaud
901 2474 1002 2538 ignota,

95 2558 122 2596 et
133 2548 180 2612 ipsi
190 2547 223 2596 ad
236 2565 340 2596 omnem
351 2548 486 2597 libidinem
501 2550 608 2612 adscita,
621 2566 650 2598 ac
662 2549 781 2599 Petronio
792 2564 914 2612 perquam
927 2544 1003 2592 lami-

94 2620 166 2670 liaris
178 2640 184 2669 z
197 2623 280 2686 agitur
288 2624 313 2671 in
323 2624 452 2685 exsilium,
465 2635 583 2687 tanquam
593 2640 644 2670 non
656 2625 765 2670 ailuieset
774 2637 827 2683 quae
839 2619 933 2665 viderat
942 2632 1005 2681 per-

95 2694 252 2757 tuleratque,
261 2699 362 2761 proprio
369 2695 438 2744 odio.
451 2695 485 2743 At
497 2697 643 2744 Numicium
654 2694 804 2750 Thermum,
814 2689 919 2757 pretori
929 2687 1006 2737 func·

99 2775 171 2822 lum,
183 2766 301 2831 Tigellini
312 2770 483 2820 simultatibus
499 2761 609 2828 dedidit,
621 2769 678 2831 quia
694 2767 800 2813 libertus
816 2763 919 2812 Thermi
934 2777 1005 2824 qure-

99 2840 160 2889 dam
171 2840 201 2889 de
212 2841 336 2906 Tigellino
345 2842 480 2893 criminose
489 2842 629 2894 detulerat,
640 2852 694 2903 quae
702 2838 855 2887 cruciatibus
863 2846 1005 2885 tormento-

97 2931 158 2964 rum
169 2914 235 2977 ipse,
247 2928 367 2980 patronus
379 2917 433 2980 ejus
444 2912 635 2965 ueceimmcritd
648 2912 738 2962 lueret.

129 2986 204 3036 XXI.
216 2988 362 3038 Trucidatis
373 3000 413 3038 tot
423 2989 564 3054 insignibus
575 2985 651 3044 viris,
662 2986 693 3034 ad
707 2996 864 3051 postremum
873 2983 940 3032 Nero
955 2979 1007 3031 rit·

95 3070 181 3107 tutem
193 3061 273 3125 ipsam
291 3062 434 3111 exscindere
452 3061 612 3127 concupiuit,
631 3059 764 3108 interiecto
778 3055 886 3106 Thraeci
901 3056 968 3105 Peto
981 3065 1008 3103 et

99 3130 175 3179 Bareb
186 3133 295 3192 Sorano,
307 3137 369 3183 olim
386 3135 496 3197 utrisque
513 3133 623 3183 iuleusus
634 3145 676 3190 ,et
697 3128 873 3180 accedentibus
885 3130 966 3176 causis
979 3128 1005 3174 in

96 3202 235 3255 Thraseam
247 3225 254 3256 ε
267 3208 337 3273 qudd
349 3219 439 3257 senatu
449 3223 562 3271 egressus
575 3220 629 3269 est,
647 3224 726 3272 quum
738 3206 770 3254 de
779 3201 918 3270 Agrippinb
927 3200 1008 3250 reler-

96 3289 184 3340 retur,
195 3291 223 3328 ut
232 3283 373 3331 memoravi
383 3299 389 3331 r
398 3280 515 3346 quddque
526 3281 686 3331 iuvenalium
693 3277 794 3329 ludicro
803 3291 892 3345 parum
901 3284 1008 3336 exspec-

97 3352 202 3400 tabilem
212 3371 316 3420 operam
327 3356 483 3423 praebuerat:
492 3371 570 3419 eaque
581 3354 684 3403 oll'ensio
693 3353 767 3401 altilis
776 3347 925 3419 penetrabat
935 3340 1009 3423 ‚quia

97 3421 168 3476 idem
175 3424 288 3485 Thrasea
296 3430 397 3485 Patavii
406 3465 414 3490 ,
422 3427 490 3488 uude
501 3440 574 3484 ortua
585 3440 653 3489 erat,
661 3426 730 3480 ludis
742 3426 850 3475 (lacticis
856 3457 863 3481 ,
872 3418 886 3471 i
894 3416 1009 3477 Trojano
1053 3458 1056 3462 ,
