2234 3817
120 173 153 232 bb
430 191 460 232 e.
479 152 570 232 oola.
586 183 700 231 rlcrr‘r

121 288 295 343 opportunum
307 279 339 329 ad
351 279 468 345 insidias,
483 280 672 330 defensantibus
686 280 801 342 iniquum
814 293 819 327 :
834 287 859 327 at
869 277 890 327 si
900 293 969 326 mare
980 276 1028 325 iuJ

120 362 213 410 tretur,
224 366 365 420 promptam
373 355 433 420 ipsis
442 355 626 420 possessionem
634 390 644 413 ,
652 365 678 401 et
685 352 800 401 hostibus
808 355 935 416 ignotam
945 350 1026 399 simul

120 423 217 474 bellum
229 426 350 478 maturius
362 429 453 492 incipi,
465 428 626 493 legionesque
640 436 665 474 et
675 425 830 473 commeatus
841 427 936 490 pariter
949 425 1026 488 rebi3

120 497 247 560 integrum
261 503 385 564 equitem,
398 515 539 565 equosque,
550 516 596 567 per
607 515 650 547 ora
663 510 689 546 et
699 498 784 547 alveos
794 499 929 547 fluminum
940 497 1027 546 medii

122 570 149 619 in
162 571 361 623 Ger-mantalam
371 587 396 622 n.
846 581 852 598 ‘
1029 609 1032 616 „

154 646 199 693 VI.
210 648 289 710 Igitur
300 648 349 697 hnc
359 646 486 697 intendit:
497 645 581 695 missia
588 645 621 695 ad
627 649 721 696 heutua
732 648 870 696 Galliarum
878 647 908 693 Ρ.
918 643 1027 694 Vitellio

122 726 147 762 et
157 718 260 781 Cautio,
271 722 347 770 Silius
359 732 385 769 et
399 718 522 776 Anteius,
531 730 558 768 et
567 719 665 768 Caeeina
678 720 828 769 fabricanda
838 719 911 767 classi
922 735 1026 783 praepo·

121 803 225 843 nuntnr.
238 795 309 843 Mille
323 809 401 842 nares
415 794 527 842 sufficere
537 794 611 856 risae,
623 805 814 859 properstaeque
827 811 833 840 :
855 793 908 840 aliae
918 785 1027 850 breves,

120 864 224 927 angusta
234 869 314 933 puppi
324 868 462 931 prorlque,
476 878 503 914 et
514 867 566 914 lato
577 871 668 923 utero,
680 865 731 929 qud
740 864 841 913 facilius
852 865 944 911 fluetus
956 865 1026 912 tole-

118 948 204 985 rarent
222 956 228 987 ι
246 940 359 1003 quasdam
376 939 455 1004 plane
474 937 580 996 carinis,
596 950 626 985 ut
640 940 694 985 siue
711 936 778 985 noxi
794 936 905 985 siderent
918 952 924 983 ι
936 936 1025 999 plures

118 1014 238 1076 appositis
253 1015 371 1077 utrinqne
386 1011 576 1078 gubernaculis,
590 1025 716 1059 ,converto
733 1021 762 1058 ut
777 1010 883 1075 repente
899 1008 1016 1074 remigio,

117 1078 177 1129 hine
191 1085 230 1131 vel
247 1086 318 1132 illino
334 1084 490 1147 adpellerent
505 1101 511 1132 a
525 1085 611 1134 multe
626 1083 748 1149 pontibus
761 1094 859 1143 stratae,
872 1097 944 1148 super
958 1098 1023 1145 quas

116 1163 241 1202 tormenta
253 1155 422 1213 veherentur,
433 1159 508 1202 simul
518 1169 582 1221 apte
589 1157 699 1207 ferendis
708 1158 780 1222 equis
787 1192 794 1215 ,
802 1169 844 1204 aut
854 1158 1022 1213 commeatui,

108 1226 178 1275 ,velis
198 1226 311 1287 habiles,
334 1229 388 1276 eitae
411 1229 508 1284 remia,
530 1231 687 1290 augebantur
709 1231 836 1278 alacritate
859 1230 973 1277 militum
995 1229 1024 1277 iu

114 1301 226 1362 speciem
241 1318 270 1350 as
287 1314 420 1351 terrorem.
438 1299 525 1349 Insula
543 1302 700 1351 Batavorum
714 1306 741 1353 in
761 1320 838 1369 quam
857 1305 1023 1362 convenirent

112 1370 249 1435 praedicta,
266 1376 300 1424 ob
313 1373 398 1426 faciles
413 1373 547 1439 adpulsus,
567 1373 769 1439 accipiendisque
788 1377 883 1441 copiis,
899 1387 925 1425 et
940 1387 1025 1424 trans·

107 1443 267 1512 ‘mittendum
280 1447 312 1496 ed
324 1447 420 1495 bellum
433 1457 584 1512 opportuna.
597 1445 664 1494 Nam
675 1445 779 1495 Rhenus
789 1461 842 1495 uuo
853 1449 927 1497 alreo
936 1449 1024 1499 conti·

113 1531 194 1577 sauna,
207 1533 250 1568 aut
264 1521 378 1569 modicas
395 1520 489 1567 insulas
501 1518 713 1578 circumveniens,
725 1521 792 1587 apud
803 1521 958 1587 principium
972 1523 1024 1585 agri

111 1589 201 1639 Batavi
212 1593 317 1640 velutin
327 1592 392 1644 duos
399 1608 485 1640 amnes
497 1591 635 1641 dividitur:
645 1605 777 1657 seruatque
786 1609 879 1642 nomen
891 1607 917 1642 et
928 1596 1025 1643 violeu-

112 1664 174 1711 tiam
191 1665 295 1722 curetis,
313 1665 362 1729 qnia
380 1666 544 1714 Germaniam
560 1663 728 1730 pterehitur,
744 1669 825 1716 donec
840 1668 944 1718 Oceano
958 1671 1023 1718 mis-

113 1747 214 1803 ceatur,
233 1737 265 1784 nal
284 1736 407 1786 Gallinam
423 1732 504 1801 ripam
522 1737 597 1786 letior
614 1749 641 1787 et
656 1739 778 1803 placidior
796 1741 926 1804 adderent,
945 1757 1020 1790 verso

114 1822 282 1873 cognomento
295 1812 429 1863 Vahalem
438 1810 530 1859 accole
541 1809 641 1865 dieunt:
651 1828 711 1861 moa
721 1813 747 1859 id
759 1829 859 1876 quoque
869 1813 1019 1864 vocabulum

111 1894 194 1931 mutat
210 1886 295 1936 Mosei
305 1885 409 1935 flumine
419 1920 426 1947 ,
438 1885 542 1954 ejusque
555 1886 680 1935 immenso
698 1903 741 1936 ore
757 1886 877 1937 eumdem
890 1889 916 1936 in
934 1889 1017 1936 Ocea·
1030 1945 1034 1949 ¹

116 1967 179 2002 num
197 1957 345 2025 effunditur.
999 1942 1047 2000 Ῑ

144 2027 203 2078 Vll.
218 2031 267 2080 Sed
280 2032 378 2092 Caesar,
394 2033 457 2083 dum
475 2034 612 2102 adiguntur
624 2049 717 2097 nares,
734 2034 824 2084 Silium
835 2035 946 2100 legerem
960 2052 1020 2084 eum

114 2102 231 2168 expediti
246 2121 324 2156 manu
340 2107 506 2174 irruptionem
519 2114 545 2160 iu
557 2112 645 2159 Cattos
653 2110 733 2157 leuare
744 2108 816 2172 jubet
829 2126 835 2155 ε
849 2110 914 2174 ipse,
930 2110 1019 2158 audito

114 2182 246 2229 castellum
264 2181 367 2246 Luppiae
381 2185 481 2233 flumini
501 2184 647 2248 adpositum
664 2181 783 2245 obsideri,
798 2198 843 2230 sex
860 2183 969 2247 legiones
987 2184 1020 2231 eb
1041 2207 1047 2215 ·

113 2250 195 2300 duxit.
214 2254 302 2316 Neque
319 2255 382 2301 Silio
402 2256 436 2301 ob
454 2256 552 2302 subitos
572 2259 665 2303 imbres
685 2256 756 2303 aliud
776 2267 876 2319 aetum,
896 2256 971 2321 quim
989 2271 1018 2305 ut

111 2325 237 2375 modicam
244 2326 353 2390 praedam
362 2360 369 2384 ,
378 2338 404 2373 et
411 2325 473 2400 Arpi
480 2328 601 2398 principis
610 2331 743 2377 Cattoaum
750 2332 881 2396 conjugem
889 2331 1014 2394 filiamque

110 2410 208 2460 raperet
218 2415 225 2446 z
235 2414 316 2461 neque
326 2401 415 2448 Caesari
422 2417 521 2464 coptam
531 2418 619 2466 pugnae
629 2403 772 2452 obsessores
779 2403 861 2453 lacere
868 2441 874 2459 ,
882 2402 912 2451 ad
920 2403 1013 2449 lamam

96 2462 100 2474 ¹
111 2470 237 2521 adrenttls
247 2472 301 2534 ejus
311 2473 410 2539 dilapsi.
420 2475 560 2522 Tumulum
570 2489 656 2525 tamen
666 2494 747 2542 nuper
753 2479 864 2540 Varianis
875 2475 1015 2540 legionibus

108 2558 250 2605 sarnetum,
266 2559 292 2596 et
307 2560 418 2597 veterem
435 2565 505 2598 aram
522 2552 605 2599 Druso
623 2554 697 2600 sitam
715 2551 867 2613 disjecerunt
880 2570 885 2599 :
900 2549 1013 2608 restituit

106 2636 176 2671 aram
184 2644 190 2684 3
198 2623 339 2687 honorique
350 2623 430 2688 patris
438 2624 556 2689 princeps
566 2625 620 2690 ipse
629 2640 688 2672 cum
697 2624 838 2688 legionibus
845 2622 993 2672 ‘decucurrit
1003 2638 1010 2669 :

107 2698 235 2747 tumulum
243 2700 333 2746 iterare
341 2697 409 2746 haud
417 2698 649 2749 visnmzetouncta
656 2700 721 2747 inter
729 2699 860 2746 castellum
867 2698 1012 2761 Alisonem,

105 2779 136 2819 dc
148 2769 281 2833 lllteuurn,
292 2772 366 2820 novis
375 2771 514 2828 limitibus,
527 2775 707 2838 aggeribusque
720 2772 872 2837 pertransite.
972 2767 975 2774 ‘

139 2842 210 2893 Vlll.
220 2845 324 2907 Jamque
334 2844 419 2891 elassis
430 2844 576 2905 advenerat,
588 2863 666 2910 qutun
676 2847 803 2911 praemisso
814 2853 957 2890 commeatu
967 2877 973 2896 ‚
986 2852 1014 2888 et

109 2916 250 2966 distributis
264 2919 291 2965 in
303 2916 415 2978 legiones
426 2932 454 2962 ae
462 2920 545 2965 socios
559 2922 678 2976 naribus,
690 2919 795 2970 fossam,
806 2915 849 2962 eui
860 2914 1014 2963 Drusianae

110 2997 218 3044 nomen,
237 2988 381 3048 ingressas,
397 2999 562 3051 precatusque
576 2992 683 3041 Drusum
694 3001 805 3056 patrem,
819 2998 867 3035 snt
878 3002 904 3034 ee
922 2985 1015 3033 eadem

108 3059 300 3115 susum,libens
306 3057 468 3122 placatusque
477 3062 757 3129 exemploaomemoaii
764 3061 930 3110 consiliorum
938 3072 1016 3124 atque

110 3147 215 3197 opernm
230 3131 349 3194 iuvaret»
361 3152 369 3193 ;
383 3131 453 3180 lacus
470 3135 542 3194 iude,
557 3150 586 3185 et
599 3140 742 3193 Oceanum,
754 3152 835 3199 usqne
845 3134 877 3182 ad
889 3132 1014 3183 Amisiam

109 3205 216 3262 llumen,
232 3203 341 3253 secundi
352 3207 510 3276 navigatione
520 3212 666 3276 pervehitur
679 3229 685 3259 ε
697 3214 784 3261 elassis
795 3211 897 3262 Amisia
907 3212 1012 3271 relicta,

107 3277 170 3326 lero
187 3293 273 3336 amue3
287 3287 447 3339 erratumque
456 3283 482 3330 in
496 3300 541 3341 eo,
556 3282 626 3345 quod
639 3299 691 3332 noa
703 3287 842 3335 subvexit:
858 3286 1014 3346 transposuit

107 3348 232 3406 militem,
252 3351 352 3414 dqtras
369 3356 394 3402 iu
414 3366 491 3403 terres
510 3358 605 3403 iturum
624 3373 630 3403 ε
649 3358 683 3404 ita
700 3360 787 3423 plures
804 3359 859 3408 dies
876 3355 1012 3407 efficiendis

107 3422 228 3482 pontibus
238 3422 375 3490 absumpti.
385 3428 418 3478 Et
427 3443 504 3494 eques
515 3427 619 3492 quidem
630 3444 658 3479 ac
668 3431 780 3498 legiones
790 3432 874 3499 prima
884 3432 1010 3487 usuaria,
