2234 3817
101 122 149 176 ιη’
389 129 396 139 ’
417 126 440 169 c,
459 124 553 170 coar.
572 111 689 172 ructat

97 218 169 280 telis,
179 231 225 266 suo
235 213 339 281 quisque
348 213 460 281 periculo
475 216 604 273 intentus,
619 213 737 264 sonoieai
747 213 853 278 alterius
861 216 943 284 praelii
958 230 1013 272 nort

93 291 225 356 ,acciperet
239 309 244 338 :
258 289 367 337 tenebre
380 290 482 352 insuper
497 288 616 345 delectae,
630 288 770 352 aagendam
786 289 818 336 ad
831 290 1008 344 formidinem.
1042 339 1046 351 ,

98 365 150 413 Sed
163 368 206 428 qui
222 366 316 413 vallum
331 364 459 428 legionum
479 365 627 421 tentabant,
639 363 710 411 facile
726 364 865 428 pellamur.
879 367 1013 416 Thracum

100 433 191 479 auxilia
198 468 204 494 ,
216 431 349 496 repentino
359 433 459 476 incursu
473 430 559 476 territe
568 445 665 505 ,xquum
677 444 734 492 pars
745 431 927 478 munitionibus
936 433 1012 494 saija-

100 512 202 564 derent,
217 507 304 569 piures
321 502 392 550 extri
411 503 560 566 palarentur
568 540 579 564 ,
593 503 668 555 tantb
687 502 811 551 iniensiirs
826 507 896 563 casi,
914 507 1009 568 qnantd

103 570 231 635 aperfuga
238 583 263 618 et
269 567 422 637 proditores,
430 567 495 617 serre
503 585 571 618 arma
580 566 612 617 ad
619 586 694 618 suum
702 569 839 635 patriaeque
849 571 1013 635 servitium»,
1028 572 1045 634 ι’

33 666 38 672 ·
100 642 290 691 incusabantur.

120 712 225 766 atta.
239 716 343 767 Posteri
355 717 396 765 die
410 717 519 768 Sabinus
537 719 677 767 exercitum
693 734 766 781 aquo¹
776 717 834 766 loco
846 718 976 777 ostendit,
995 721 1019 769 si

100 792 202 841 barbari
215 808 331 840 successu
343 793 425 840 noctis
437 794 544 847 alacres,
558 794 672 858 praelium
687 792 829 840 auderent:
844 798 870 840 ei
880 805 1017 857 postquam

90 865 226 925 festiano,
241 874 286 912 aut
299 864 442 924 coniunctis
460 864 567 912 tumulis
581 882 632 912 non
645 863 869 927 degrediebantur,
882 864 1017 914 obsedium

101 942 177 1006 coepit
193 955 238 1005 per
249 936 363 1004 presidia
375 973 381 997 ,
396 953 451 1001 quas
463 938 606 1004 opportune
617 939 667 1001 jam
679 938 810 985 muniebat
826 954 832 983 ι
844 936 904 985 dein
920 938 1014 987 fossam

102 1013 257 1077 loricamque
266 1023 403 1063 contexens
413 1048 419 1067 ,
431 1023 539 1074 quatuor
551 1012 631 1060 millia
641 1027 760 1076 passuum
771 1011 1016 1077 ambitffamplexus

105 1100 144 1136 est
157 1105 163 1134 :
178 1099 232 1135 turn
248 1088 384 1152 paulatim,
401 1098 430 1135 ut
441 1103 531 1150 aquarn
545 1088 718 1152 pabulumque
726 1087 851 1151 eriperet,
864 1085 1014 1136 contrahere

51 1162 53 1165 ’
105 1161 228 1219 claustra,
240 1171 343 1223 artaque
359 1160 516 1210 circumdare
532 1162 579 1210 :et
594 1161 735 1209 struebatur
753 1174 842 1224 agger,
857 1159 924 1208 unde
937 1176 994 1208 saxa
1005 1182 1019 1217 ,>

102 1233 191 1294 bastae,
212 1235 282 1298 ignes
296 1234 467 1299 propinquum
483 1235 534 1298 jam
550 1237 577 1284 in
595 1235 693 1293 hostem
711 1234 862 1296 iacerentur.
883 1233 932 1281 Sed
947 1231 1017 1284 nibil

103 1304 170 1370 lequ'e
180 1343 185 1362 ,
197 1304 273 1371 qud'm
283 1307 351 1360 sitis,
362 1304 498 1370 fatigabat,
509 1325 588 1371 quum
599 1309 686 1370 ingens
697 1305 835 1353 multitudo
846 1306 999 1354 bellatorum
1008 1344 1018 1363 ‚

103 1379 258 1435 imbellium,
273 1396 324 1427 uno
332 1378 432 1442 reliquo
442 1378 511 1428 laute
521 1381 751 1430 uterenturasimul
764 1381 836 1442 equi,
847 1390 976 1434 armenta,
987 1393 1022 1429 ut
1066 1398 1069 1403 ·

102 1467 158 1502 mos
171 1453 281 1500 barbaris
291 1487 299 1509 ,
311 1449 497 1513 juxta'tclausa,
511 1464 622 1516 egestate
633 1453 721 1517 pabuli
732 1452 889 1499 exanimari:
901 1451 1019 1516 adjacere

103 1538 209 1590 corpora
220 1525 369 1584 hominum,
387 1538 450 1587 quos
466 1527 589 1584 vulnera,
607 1521 669 1588 qnos
683 1527 740 1575 sitis
756 1538 917 1590 peremerat:
931 1520 1017 1592 pollui

102 1608 192 1648 cuncta
202 1599 282 1661 sanie,
294 1596 386 1650 odore,
401 1607 529 1646 contactu.
546 1596 796 1661 Rebusqueturbatis
804 1633 812 1655 ,
820 1600 916 1647 malum
925 1611 1018 1646 extre·

47 1680 53 1687 ¹
103 1681 176 1721 ntum
189 1670 314 1720 discordia
328 1670 449 1731 accessit,
467 1670 507 1719 his
523 1671 699 1735 deditionem,
713 1674 768 1722 aliis
782 1685 938 1734 mortem,et
948 1678 1012 1720 mu-

102 1758 161 1795 tuos
176 1743 277 1797 diter-se
292 1747 356 1793 ictus
369 1746 516 1808 parantibus
528 1761 534 1792 ι
545 1758 571 1794 et
583 1758 669 1803 erant,
685 1748 730 1809 qni
746 1764 819 1797 anon
834 1748 939 1796 inultum
952 1748 1016 1799 exi-,

102 1821 167 1870 sium
177 1857 183 1878 ,
193 1819 246 1869 'sed
262 1816 446 1884 eruptionem»
462 1817 616 1881 suaderent,
631 1837 716 1886 neque
736 1822 872 1888 ignobiles,
893 1819 1015 1885 quamtis

103 1892 197 1944 diversi
216 1894 358 1943 sententiis.

136 1968 166 2019 L.
177 1968 295 2020 Verdmd
306 1967 425 2031 ducibus,
437 1968 510 2018 Dinia
518 1980 653 2034 provectus
661 1972 762 2021 senectd
771 2008 777 2031 ,
785 1970 893 2035 etlongo
902 1984 952 2018 usa
959 1969 1016 2020 vim

64 2038 179 2110 ''atque
200 2045 360 2093 clementiam
379 2044 520 2093 Romnum
536 2042 815 2111 edoctus„aponenda
832 2061 915 2105 arma,
932 2060 1015 2093 unum

103 2120 212 2169 adflictis
222 2119 248 2166 id
261 2117 422 2168 remedium»
432 2156 439 2182 ‚
451 2117 601 2170 disserebat.
610 2120 760 2185 Primusque
768 2136 793 2167 se
803 2136 860 2167 cum
872 2117 978 2180 conjuge
988 2129 1018 2165 et

101 2193 190 2240 liberis
204 2192 295 2239 victori
304 2194 420 2257 permisis
431 2210 437 2238 ε
448 2195 527 2241 menti
536 2204 609 2241 astate
618 2205 662 2242 aut
672 2210 732 2242 sexu
742 2193 861 2240 imbecilli
869 2229 877 2251 ,
886 2203 913 2240 et
922 2190 1019 2254 quibus

102 2263 183 2326 major
194 2263 251 2309 vitae
258 2263 338 2324 quim
348 2262 431 2327 gloiiae
441 2265 543 2329 cupido.
554 2267 589 2314 rit
599 2250 714 2330 juventus
726 2263 833 2312 Tarsam
841 2266 909 2313 inter
921 2277 947 2313 et
956 2264 979 2310 T
980 2281 1017 2312 u-

102 2334 181 2383 resim
191 2331 377 2381 distrahebatur
390 2352 396 2381 ε
408 2338 507 2399 utrique
517 2337 673 2388 destinatum
682 2352 741 2384 cum
751 2335 870 2384 libertate
881 2336 1017 2383 occideres

104 2404 149 2454 sed
158 2405 234 2452 Taras
246 2423 260 2453 a
268 2420 405 2470 properum
411 2409 487 2457 finem
497 2411 697 2476 ‚abrumpendas
706 2409 799 2474 pariter
806 2423 864 2472 spes
872 2423 901 2455 ac
910 2419 1014 2456 masusu
1063 2442 1068 2450 ·

102 2477 249 2538 clamitans,
259 2478 330 2528 dedit
340 2483 501 2548 exemplum,
513 2484 623 2533 demisso
632 2486 657 2533 in
664 2494 750 2547 pectus
757 2480 823 2528 ferro
831 2496 838 2526 z
847 2494 895 2527 neo
904 2478 1016 2529 &inere
1070 2534 1073 2537 ¹

101 2553 144 2617 qui
156 2548 245 2602 e'odem
255 2550 333 2601 modo
347 2568 505 2620 oppeterent.
515 2556 620 2606 Turesis
628 2555 673 2604 suri
683 2570 742 2605 cunt
753 2570 833 2601 mauu
847 2563 950 2601 noctem
961 2570 1014 2618 op-

101 2627 200 2693 peritur
209 2663 215 2684 ‚
225 2627 292 2676 haud
301 2624 386 2678 nescio
396 2629 459 2678 duee
468 2643 565 2679 nostro.
576 2629 655 2693 igitur
664 2627 768 2676 firmata
777 2628 899 2676 stationes
908 2625 1014 2682 densio-

103 2701 176 2750 ribus
188 2701 270 2765 globis
285 2716 329 2753 :et
344 2705 476 2768 ingruebat
487 2722 538 2755 nox
550 2704 637 2754 nimbo
652 2712 739 2761 atrox,
756 2701 889 2764 hostisque
903 2700 1017 2751 clamore

102 2771 205 2821 turbido
211 2792 224 2832 ,¹
231 2776 309 2824 modb
320 2793 366 2840 per
376 2791 474 2826 vastum
486 2778 614 2828 silentium
621 2814 628 2839 ,
642 2778 756 2826 incertos
765 2775 910 2825 obsessores
922 2775 1018 2833 effece-

104 2859 161 2896 rat:
175 2862 254 2910 quum
265 2847 374 2897 Sabinus
383 2850 512 2897 circumire
523 2885 529 2904 ,
540 2849 654 2905 hortari,
667 2867 682 2897 a
690 2865 722 2897 ne
733 2849 766 2896 ad
778 2849 895 2912 ambigua
904 2847 1017 2910 sopistis,

104 2930 148 2967 aut
160 2920 347 2966 simulationem
355 2919 463 2980 (ridetis,
480 2936 567 2969 casnm
577 2922 753 2972 insidiantibus
765 2923 905 2985 aperirent,
914 2919 959 2968 sed
970 2937 1016 2969 sus
1051 2930 1055 2939 '

103 2992 211 3055 quisque
221 2992 307 3037 mrtaia
319 3004 449 3040 servarent
458 2994 573 3053 immoti,
585 2999 693 3060 telisque
704 3013 757 3051 non
770 2994 898 3045 insalsum
908 2994 979 3058 iactis
988 3010 1016 3044 u.

135 3060 179 3110 LI.
192 3059 290 3109 laterei
301 3063 402 3114 barbari
412 3073 519 3120 catervis
529 3070 707 3127 decurrentes,
723 3085 791 3118 nunc
804 3071 830 3123 in
847 3069 941 3117 vallum
958 3085 1018 3117 ma-

103 3134 190 3187 nualia
197 3151 265 3198 sata,
273 3148 391 3201 praeustas
400 3139 489 3202 sudes,
502 3143 586 3191 decisa
597 3144 689 3192 robora
698 3145 797 3207 jacere:
809 3158 877 3201 atoue
887 3142 1019 3204 virgultis,

103 3219 130 3256 et
145 3208 269 3267 cratibus,
287 3214 314 3258 et
330 3214 639 3275 corporibnsexauimis,
657 3219 789 3281 complere
806 3217 901 3264 fossas:
914 3216 1020 3277 quidam

102 3290 194 3343 pontes
203 3292 229 3326 et
236 3284 315 3330 scalas
324 3284 381 3331 ante
390 3284 505 3336 fabricati
512 3325 520 3347 ,
529 3288 621 3334 inferre
633 3291 843 3354 propugnaculis,
855 3305 932 3351 eaque
941 3304 1021 3352 pren·

102 3367 175 3414 sare,
186 3351 317 3409 detrahere
323 3392 331 3421 ,
342 3369 370 3431 et
379 3357 498 3433 adsersus
508 3361 654 3431 resistentes
663 3362 780 3415 comissis
792 3363 842 3417 uiti
853 3379 859 3411 ε
871 3362 1019 3419 rm'lsseon·
