2234 3817
151 173 201 228 272
466 170 489 209 c.
510 168 607 208 conr.
625 167 744 207 racina
770 174 779 184 ·

180 252 240 302 Vll.
253 254 335 318 Reges
343 245 375 300 ex
389 251 538 314 nobilitate3
554 252 630 300 duces
643 268 674 300 ex
686 254 779 302 virtute
796 257 909 301 sumunt.
924 247 982 301 Nec
993 253 1063 319 regi-

152 330 201 377 but
214 328 311 376 infinita
323 321 366 374 aul
378 327 455 373 libera
469 338 598 391 potcstas;
616 338 641 375 ot
659 319 736 394 duc‘es
752 324 868 391 exemplo
880 324 967 391 potiris
985 327 1065 392 qulam

151 403 273 466 imperio,
284 403 305 448 si
315 399 428 466 prompti
440 436 446 456 ,
456 400 476 447 si
488 401 662 465 complaciti
676 412 734 449 ante
746 402 825 448 aciem
838 414 932 465 agant,
945 400 1064 451 admira·

152 477 222 524 tione
236 487 354 541 praesunt.
364 472 484 522 Ceterum
497 491 578 539 ireque
591 473 802 537 animadvertere,
813 491 895 538 neque
906 476 1019 533 vincire,
1031 491 1064 524 rte

87 598 91 603 ,
152 548 284 596 verberare
301 546 420 611 quidem,
435 546 484 594 nisi
503 544 674 593 sacerdotibus
690 548 863 611 permissum:
878 564 931 595 non
946 549 1018 611 quasi
1036 549 1065 598 in

152 641 269 689 paenam,
284 639 330 670 nec
340 621 412 670 ducis
422 621 504 685 iussu.
518 620 563 669 sed
577 622 646 670 velut
659 621 706 670 deo
719 623 857 688 insperante
867 660 874 680 ‚
883 639 963 687 quem
972 623 1064 675 adesse

81 745 83 748 .
153 696 308 746 bellantibus
322 695 432 744 credunt
444 713 450 742 :
464 694 621 759 effigiesque,
634 706 659 743 et
676 697 746 760 signa
760 695 884 759 quaedam,
902 696 1016 746 detracta
1028 698 1065 746 lu-

151 772 203 825 cis,
215 772 241 816 in
256 770 371 834 prelium
381 767 475 817 ferunt.
491 767 617 831 Quodque
628 769 782 834 praecipuum
793 768 973 818 fortitudinis
966 771 1064 818 incita·

149 855 267 890 mentum
280 852 332 900 est,
340 857 393 889 non
403 856 483 898 casua,
494 855 542 887 nec
550 839 655 888 fortuita
667 840 829 925 conglobatio
840 851 949 889 tur-mam
960 852 1007 888 aut
1019 857 1063 889 cu·

150 931 230 964 areum
238 914 311 974 lacit,
321 903 470 962 sedfamilia
479 924 503 960 et
511 913 729 978 propinquitates:
740 924 766 961 et
777 915 803 961 in
812 930 929 978 prorrrno
935 930 1045 980 pignora
1055 950 1063 972 ,

149 987 218 1036 undl
234 950 387 1035 lentiliacum
407 986 519 1034 ululatus
537 983 635 1045 audiri,
653 984 719 1033 undis
738 989 849 1054 vagitus
856 987 1015 1036 infantium:
1034 986 1063 1038 hi

149 1061 243 1123 cuique
258 1061 406 1108 aanttrasrmr
417 1070 509 1118 testes
523 1057 550 1105 hr
561 1073 669 1105 maxrmr
684 1058 838 1109 laudatores.
853 1058 893 1110 Ad
905 1073 1017 1118 matres
1029 1059 1063 1109 ad

152 1135 274 1197 conjuges
288 1132 505 1181 ιιιΙιιιιιιιῐειιιιιιι
526 1130 633 1179 necillae
647 1148 796 1192 numerare,
808 1133 1062 1200 autexigereplagas

151 1218 257 1271 parcnt.
274 1206 397 1268 cibosque
409 1217 435 1252 et
434 1203 591 1254 hortamina
601 1206 771 1272 pugnantibus
782 1218 891 1271 gestant.

160 1327 163 1342 ι
184 1277 255 1327 VIII.
270 1279 396 1326 Memoriae
410 1276 546 1343 proditur,
558 1278 682 1342 quasdam
694 1279 773 1337 acies,
783 1279 915 1327 inclinatas
924 1279 973 1340 iam
983 1290 1012 1328 et
1020 1280 1060 1331 h-

152 1353 257 1406 beutes,
272 1350 288 1399 ir
301 1351 401 1410 seminis
411 1351 552 1410 restitutas,
568 1352 711 1402 constantid
722 1370 842 1422 precum,
855 1365 880 1403 et
891 1354 989 1415 obiectu
1003 1347 1061 1419 pecss
1075 1379 1080 1384 v

151 1437 251 1481 torum,
262 1439 288 1474 et
299 1426 439 1475 monstrati
450 1425 569 1475 cominus
580 1429 730 1512 captivitate
736 1445 751 1492 ,*
758 1441 832 1492 quam
843 1427 916 1492 longe
926 1431 1004 1493 impar
1009 1427 1060 1475 ien-

150 1497 202 1546 tilis¹
216 1499 364 1562 laminarum
376 1515 479 1546 suarum
490 1501 596 1549 nomine
608 1502 721 1550 timent
716 1500 798 1548 adeo
811 1513 840 1550 ut
855 1498 978 1550 efficacius
990 1499 1060 1548 obli·

152 1583 250 1635 gantur
258 1572 335 1620 animi
346 1573 482 1627 civitatum
491 1573 619 1636 ,qrrilrus'
610 1584 678 1623 mter
689 1572 788 1621 obsides
798 1573 887 1638 puella
896 1588 997 1635 quoque
1010 1586 1058 1619 no·

151 1643 231 1692 bilea'
225 1657 389 1712 imperantur.
400 1648 486 1695 lucete
496 1649 636 1711 quinetiam
644 1635 758 1696 sanctum
766 1644 877 1709 aliquid,
887 1657 913 1694 et
922 1643 1060 1709 providum

151 1727 257 1780 putant,
270 1735 317 1766 nec
333 1731 378 1767 aut
395 1721 502 1769 consilia
514 1736 601 1768 earum
613 1716 808 1782 adspernantur,
821 1727 865 1763 aut
877 1731 999 1779 responsa
1011 1732 1061 1764 ne·

152 1789 261 1854 gligunt.
269 1790 389 1844 Vidimus
397 1794 444 1844 suu
456 1793 515 1844 divo
524 1790 678 1857 Vespasiano
686 1787 819 1845 Veledam,
828 1784 872 1835 diri
881 1786 947 1851 apud
953 1789 1061 1851 pleros·

151 1879 201 1926 ¹que
211 1864 324 1913 numinis
334 1865 392 1915 loco
406 1866 527 1916 habitam.
543 1862 592 1912 Sed
606 1873 630 1909 et
642 1861 704 1908 olim
714 1858 861 1918 Auriniam,
877 1870 903 1907 et
914 1857 1060 1923 compluris

150 1938 212 1986 alias
224 1941 421 1997 reuersurum,
435 1958 486 1989 uon
497 1936 639 1987 adulatione
650 1968 657 1991 ,
667 1950 714 1981 nec
725 1945 848 1997 tanquam
859 1931 971 1981 lacerent
983 1929 1056 1980 deas.

182 2010 233 2060 IX.
243 2010 357 2060 Deorum
369 2010 475 2061 maximi
486 2007 641 2057 Mercurium
653 2005 756 2064 colunt,
768 2007 812 2056 oui
823 2007 898 2055 certia
907 2004 996 2053 diebus
1003 2004 1055 2054 hu·

151 2084 233 2130 manis
243 2100 345 2148 quoque
352 2085 438 2133 hostiis
446 2082 516 2128 litare
526 2077 564 2127 las
573 2079 678 2132 habent.
687 2080 825 2138 Herculem
835 2094 864 2127 ac
873 2079 983 2128 Martem
991 2092 1056 2125 eorr-

153 2156 388 2206 corsicaninralibus
394 2157 491 2220 placant
501 2169 506 2199 :
518 2169 577 2217 para
585 2154 727 2203 Sacrorum
737 2161 762 2203 et
770 2148 1055 2212 IsidisacrilicatlUnde

150 2244 225 2276 causa
236 2241 262 2277 et
271 2231 342 2294 origo
350 2226 481 2293 peregrino
491 2240 571 2285 sacro,
579 2243 670 2291 parum
680 2226 809 2291 comperi:
822 2226 871 2274 nisi
878 2222 946 2288 quod
956 2224 1055 2287 signnm

149 2303 249 2366 ipsum.
268 2303 295 2351 in
308 2298 527 2352 rnodumliburnae
539 2298 693 2362 figuratum,
713 2298 791 2347 docet
805 2296 938 2345 advectam
953 2296 1056 2360 religio·

150 2391 220 2424 nem.
232 2376 350 2440 Ceterum
360 2371 405 2422 nec
416 2370 534 2441 cohibere
543 2373 682 2436 parietibus
693 2372 767 2428 deor,
783 2386 864 2435 neque
878 2371 905 2418 in
913 2369 993 2419 ullam
1006 2370 1055 2418 liu·

90 2484 92 2489 ·
151 2452 222 2500 mani
237 2453 289 2499 oris
302 2450 412 2516 speciem
423 2444 590 2503 adsimulare,
606 2462 638 2495 ex
651 2444 826 2510 magnitudine
836 2445 976 2494 coelestium
988 2445 1055 2493 arbi·

150 2525 264 2572 trantur:
276 2524 345 2570 lucos
356 2536 384 2567 ac
392 2533 496 2565 nemora
506 2530 656 2568 consecrant
665 2516 850 2581 ,deorumqueff¹
850 2516 996 2566 nominibus
1007 2534 1054 2584 ap·

150 2595 248 2661 pellant
258 2604 378 2660 secretum
389 2589 465 2650 illud,
474 2590 544 2656 quod
555 2591 613 2640 rola-
621 2591 761 2641 reverentii
770 2591 867 2641 vident

102 2661 104 2666 ’
184 2669 222 2717 Χ.
238 2667 356 2732 Auspicia
371 2677 517 2741 sortesque,
531 2678 562 2714 ut
578 2668 621 2731 qui
639 2665 767 2723 maxime,
786 2666 930 2716 observant.
945 2665 1054 2714 Sortium

152 2741 440 2808 eonsuetudosimplert:
450 2738 904 2806 virgam,frugilernarboridecisam,
915 2738 1056 2787 insurculos

153 2826 302 2879 amputant,
314 2832 408 2880 eosque
420 2853 426 2872 ,
439 2815 508 2863 notis
521 2814 672 2879 quibusdam
686 2812 822 2874 discretos,
840 2828 912 2879 super
924 2810 1055 2860 candidam

150 2901 249 2940 restem
262 2891 356 2940 temere
368 2909 397 2938 ac
409 2887 514 2937 fortuito
522 2901 645 2954 spargunt
654 2906 659 2936 :
669 2904 742 2949 mox,
755 2888 776 2934 si
788 2885 887 2952 publice
898 2885 1053 2947 consulatur,

157 2962 274 3011 sacerdos
287 2962 412 3021 cir'itatis3
424 2960 462 3005 siu
470 2960 604 3022 privatim,
615 2962 668 3025 ipse
682 2957 853 3024 paterfamiliae
861 2967 972 3023 precatus
981 2957 1055 3018 deos,

129 3092 131 3096 ι
154 3032 296 3096 coelumque
307 3031 456 3093 suspiciens,
471 3041 509 3078 ter
517 3033 628 3097 singulos
641 3032 722 3093 tollit,
736 3027 846 3078 sublatos
856 3026 994 3078 sccunddrn
1005 3030 1056 3079 im·

153 3120 266 3187 pressam
279 3101 335 3150 ante
347 3114 432 3149 notam
446 3104 635 3168 iuterpretatur.
648 3105 673 3152 Si
683 3103 883 3187 prohibuerunt,
895 3100 964 3149 nulla
975 3102 1006 3152 de
1017 3107 1056 3156 el.

155 3175 214 3223 dem
223 3194 248 3223 re
257 3177 281 3220 iu
291 3173 409 3221 eumdem
417 3174 483 3223 diem
491 3178 660 3226 consultatio.
669 3177 707 3224 siu
704 3175 877 3244 permissum,
888 3174 1054 3239 auspiciorum

82 3285 85 3290 ,
156 3247 205 3293 adl
208 3264 238 3291 nc
255 3244 316 3291 fides
330 3249 444 3308 eripitur
463 3248 495 3295 Et
511 3248 576 3295 illud
587 3248 690 3312 quidem
703 3251 779 3296 etiam
794 3245 838 3295 hlc
852 3259 958 3306 uotum
973 3252 1054 3304 arium

154 3330 238 3368 voces,
241 3317 412 3378 -volatrrsqne'
408 3331 575 3401 iuterrogarwe
583 3313 812 3385 propriumgeritis,
824 3336 1051 3387 equorumquoque

152 3390 271 3454 presagia
282 3392 431 3454 aemunitas
444 3393 571 3457 experiri:
582 3393 683 3468 publice
695 3393 798 3448 aluntur
810 3393 904 3468 iisdem
913 3397 1054 3456 nemoribus
