2234 3817
411 98 768 142 tentaturum-¹111.
1012 112 1044 165 71
1092 145 1095 154 r

159 181 220 239 XV.
230 183 330 237 Eadem
342 180 472 236 Plancinae
482 182 586 243 invidia,
598 187 679 244 maior
692 187 771 252 gratie
782 203 788 236 :
801 186 882 254 edqtte
896 190 1043 256 ambiguum

128 262 270 314 babebatur
289 255 418 323 quantum
436 256 528 303 Cereri
541 257 568 305 in
584 273 640 305 erm
656 258 744 309 liceret
758 279 764 311 z
778 274 853 327 atque
871 265 944 329 ipsa,
965 265 1046 315 donec

79 363 82 372 ⁴
125 339 213 390 medie
224 337 315 387 Pisoni
331 336 406 401 spes}
428 332 547 381 crociam
562 348 590 381 ee
601 334 781 402 cuiuscumque
792 338 962 399 fortuna,et,
978 344 998 390 si
1011 345 1046 392 ita

126 413 223 473 tener,
231 412 355 462 comitem
363 407 455 457 exitiis
465 410 639 473 promittebat.
650 411 685 459 Ut
694 413 921 480 recretisAugustae
928 416 1047 482 precibus

125 488 232 537 reniam
249 473 379 540 obtinuit,
397 481 523 548 paulatim
539 484 666 549 tegregeri
677 484 691 533 ia
702 487 809 544 merito,
825 488 941 537 dividere
957 489 1048 538 delen·
1092 481 1098 491 ⁸

128 561 230 611 tionem
245 559 324 625 coepit
339 575 345 605 ε
361 556 431 622 qnod
442 570 501 604 rens
514 567 648 621 postquam
660 558 710 606 sibi
721 560 850 610 exitiabile
864 563 999 628 intelligit,
1013 581 1047 612 ert

135 632 222 683 adbuc
231 632 387 697 experiretur
400 628 541 691 dubitans,
558 628 720 681 hortantibus
732 633 807 696 liliis,
823 633 899 684 durat
914 649 1046 696 mentem,

132 717 301 768 senatumque
310 702 409 753 rnrtt'rm
422 702 561 768 ingreditur
569 703 831 773 :redintegratamque
842 710 1045 768 recusationem,

134 780 248 832 inientes
257 790 353 843 patrum
367 793 461 846 vocer,
477 776 581 824 adversa
592 788 619 824 et
629 794 693 826 ctera
703 794 793 830 cuncto
808 799 958 847 perpessus,
972 784 1045 833 nullo

129 847 214 919 magis
223 852 354 901 exterritae
366 862 405 900 est
415 887 421 900 .
433 849 509 915 qutm
522 849 592 913 qubd
602 850 731 901 Tiberium
740 857 795 903 sine
805 857 980 918 miseratione,
990 858 1044 906 eine

122 925 163 979 ird
171 964 179 984 ,
188 927 355 980 obstinatum,
367 925 531 988 clautnmque
538 923 712 990 viditruequo
720 926 819 976 adiectu
826 939 1044 993 perrumperetur.

125 1001 233 1052 Relatue
242 998 364 1055 domum,
376 1010 496 1062 tanquam
507 996 681 1046 defensionem
691 1001 716 1047 iu
726 997 855 1065 posterum
865 1000 1043 1062 meditaretur,

124 1092 206 1143 penca
218 1073 374 1134 conscribit,
387 1073 570 1137 obsignatque,
588 1083 614 1120 et
624 1071 719 1121 liberto
732 1074 817 1124 tradit.
829 1076 896 1124 Tum
913 1077 986 1123 tolita
999 1092 1045 1124 cu-

124 1148 206 1199 rando
223 1150 331 1214 'corpori
347 1150 494 1211 exsequitur
510 1164 516 1194 ι
532 1145 590 1194 dein
606 1149 713 1195 multam
729 1161 789 1215 post
805 1160 927 1211 noctem,
945 1145 1050 1214 egressi

127 1222 248 1271 eubiculo
265 1237 360 1284 uxore,
380 1222 483 1291 operiri
491 1220 568 1283 fores
586 1217 674 1282 jussit;
693 1231 720 1269 et
737 1221 818 1287 coepti
834 1221 907 1285 luce,
917 1221 1042 1288 perfosso

125 1294 235 1361 jugulo,
247 1293 344 1356 iacente
358 1294 428 1341 bnmi
439 1292 540 1358 gladio,
552 1285 668 1356 reperiat
678 1297 728 1342 est}
987 1307 993 1320 ‘

162 1366 355 1417 xv1.·1tu‹ttre
369 1384 410 1417 me
427 1367 534 1417 memini
550 1371 588 1414 'ex
605 1365 746 1416 senioribus
751 1403 759 1430 ,
773 1367 857 1416 visunt
876 1367 965 1434 raepiire
977 1368 1044 1419 inter

127 1457 221 1491 munus
233 1441 332 1491 Pisonis
345 1443 479 1504 libellum,
496 1457 573 1507 quem
585 1442 639 1506 ipae
651 1457 703 1489 non
713 1441 871 1506 vulgaverit3
889 1441 934 1490 sed
946 1444 1041 1493 emicet

126 1519 183 1578 elur
196 1515 370 1576 dictitariate,
387 1537 403 1567 u
413 1513 623 1568 litterar'rtberii
633 1526 667 1577 ,et
685 1515 805 1565 mandata
819 1520 843 1565 in
860 1517 1041 1566 Germanicum

125 1592 280 1640 continere:
296 1608 324 1639 ac
339 1591 496 1641 deatiuatttm
512 1605 631 1655 promere
649 1590 717 1656 apud
733 1601 832 1656 patret,
852 1591 1041 1657 principemque

125 1682 251 1732 arguere,
267 1666 294 1714 ni
312 1668 396 1714 elusor
408 1664 423 1713 l
438 1663 527 1726 Seiano
538 1680 584 1729 per
596 1656 659 1713 rnna
670 1667 796 1731 promissa
813 1664 878 1715 loret
890 1682 896 1712 z
908 1681 955 1713 uec
967 1667 1041 1716 illum

124 1755 217 1810 sponte
231 1742 404 1799 exstinctum,
416 1735 509 1789 verium
523 1739 639 1802 immisso
650 1757 797 1805 percussore
807 1757 822 1788 n
835 1758 841 1788 :
854 1757 963 1804 quorum
974 1757 1042 1790 nett-

127 1827 195 1867 trnm
208 1817 430 1866 adseveraverirn:
445 1808 527 1876 ireque
543 1824 627 1868 tamen
644 1817 760 1864 occidere
774 1813 850 1863 debui
865 1827 994 1863 narratum
1008 1815 1040 1864 ab

114 1929 121 1936 .
132 1888 163 1937 iis
173 1927 179 1948 ‚
188 1886 359 1955 quirinatram
369 1887 402 1938 ad
417 1888 547 1950 iuventam
559 1887 725 1939 duraverunt.
739 1893 834 1950 Cesar,
845 1890 916 1937 flexo
931 1889 958 1936 in
968 1905 1041 1939 moet-

135 1964 219 2012 titiam
231 1980 290 2018 ore,
301 1967 389 2012 usuum
400 1962 522 2012 invidiam
533 1963 580 2009 tati
589 1974 672 2010 morte
682 1965 831 2027 quesituros
842 1962 910 2027 apud
924 1975 1040 2013 senatum

131 2037 279 2103 crebritque
293 2038 532 2132 'quterrogationibus
549 2036 675 2099 exquirit,
694 2036 815 2096 aqualem
830 2037 890 2081 Piso
907 2035 974 2081 diem
992 2051 1035 2083 su·

129 2125 270 2178 premum,
282 2122 427 2173 noctemque
441 2109 598 2172 exegistetri,
615 2107 697 2169 Atque
713 2107 757 2153 illo
768 2106 889 2171 pleraque
900 2107 1039 2172 sapienter,

119 2179 248 2249 {quedam
258 2183 422 2233 inconsultius
434 2180 623 2249 respondente,
638 2180 729 2228 recitat
746 2179 876 2227 codicillos
888 2179 902 2227 d
914 2179 1003 2229 Pisone
1013 2183 1039 2231 in

119 2255 201 2307 ¹irunt:
216 2256 293 2307 ferme
312 2257 416 2317 modum
433 2258 609 2321 compositos:
629 2249 844 2322 «conspiratione
860 2255 1038 2315 inimicorum,

107 2331 115 2344 ¹
128 2330 259 2380 etinvidid
269 2331 327 2382 latri
341 2332 456 2380 criminis
467 2346 617 2397 oppressus,
632 2328 757 2393 quatenus
767 2331 869 2378 veritati
880 2339 907 2380 et
921 2333 1039 2380 innocen·

125 2405 167 2451 tite
180 2421 243 2452 mete
257 2419 384 2467 nusquam
394 2405 466 2451 locus
476 2419 528 2464 est‘3
543 2403 605 2451 deos
619 2403 776 2452 immortales
788 2415 867 2451 testor
876 2405 969 2452 vixisse
981 2419 1038 2463 me,

121 2474 223 2535 'cesae
234 2493 294 2526 cum
303 2476 352 2524 ftde
360 2476 496 2526 aduersum
506 2488 544 2535 te,
553 2493 635 2541 neque
644 2476 691 2524 alii
701 2478 726 2523 in
738 2489 846 2524 matrem
854 2488 921 2522 tnanr
931 2479 1037 2537 pietate:

127 2561 225 2611 vosque
237 2568 283 2599 oro
291 2551 380 2600 liberis
389 2552 453 2599 meis
463 2553 604 2601 consulatis·
614 2569 619 2598 :
630 2550 764 2613 exquibus
774 2550 822 2614 Cn.
833 2549 893 2595 Piso
902 2548 1042 2609 qualicnm⁴

117 2625 182 2684 ‘que
193 2620 299 2673 iottttnte
310 2641 370 2674 tneae
383 2642 435 2674 non
450 2638 487 2675 eet
499 2626 633 2688 adjunctus
637 2659 648 2684 ,
657 2637 736 2684 quum
750 2636 826 2666 omne
841 2620 889 2668 boc
901 2630 1001 2684 tempus
1012 2622 1040 2669 in

132 2692 198 2739 ttrbe
210 2698 289 2758 egerit
299 2693 306 2745 2.
315 2699 351 2747 Μ.
366 2698 424 2746 Pieo
436 2711 550 2763 repetere
560 2695 661 2761 Syriam
675 2692 823 2739 dehortatus
833 2703 872 2740 est
882 2710 888 2740 :
902 2704 976 2757 atque
986 2695 1040 2742 uti·

130 2781 191 2816 nam
204 2783 251 2833 ego
261 2771 343 2835 potiirr
353 2769 410 2821 filio
419 2772 504 2834 iuveni
513 2808 521 2829 ,
531 2767 607 2832 quim
621 2767 663 2813 ille
671 2778 736 2831 patrt
748 2764 801 2812 seni
811 2765 940 2814 cessisset!
952 2770 982 2815 eb
992 2769 1040 2838 ipt-

126 2839 233 2906 pensilis
241 2857 345 2907 precor,
357 2863 387 2894 ne
397 2861 460 2894 mee
470 2841 602 2910 pravitatis
609 2855 693 2904 poenus
706 2837 825 2886 innoxius
835 2837 897 2885 luat.
908 2839 956 2885 Per
966 2842 1040 2901 quin·

125 2929 176 2978 que
185 2925 211 2962 et
219 2917 389 2984 quadraginta
401 2931 526 2966 annorum
539 2914 705 2977 obsequium,
718 2925 763 2977 per
775 2910 1039 2976 collegiumcooeula·

128 2993 178 3046 tts.
190 2998 321 3060 quondam
332 3000 393 3050 divo
404 3002 518 3064 Augusto
529 2997 629 3064 parenti
639 3008 682 3044 tuo
692 2996 828 3062 probatus,
839 3007 864 3044 et
876 2995 922 3047 tihi
931 2996 1037 3058 amicus,

126 3071 325 3136 necquidquam
336 3087 398 3141 poat
407 3074 461 3123 baec
469 3084 618 3135 rogaturus,
629 3072 737 3119 salutem
758 3071 864 3119 infelicis
880 3070 926 3118 filii
939 3085 1001 3133 rogo
1009 3087 1035 3135 ν,

126 3141 166 3191 De
173 3141 298 3194 'Plancind
309 3146 490 3197 nihiladdidlt.
691 3201 692 3204 Ἴ

161 3208 248 3261 XVII.
267 3214 331 3262 Pott
347 3230 402 3280 quae
415 3212 533 3260 Tiberius
549 3204 735 3260 adolescentem
755 3208 862 3258 crimine
880 3207 960 3255 civilis
974 3205 1038 3258 belli
1099 3219 1107 3226 ²

126 3285 262 3347 purgavit:
278 3290 381 3351 «patria
393 3302 486 3352 quippe
497 3285 579 3348 iussu,
590 3299 638 3331 uec
648 3283 759 3347 potuisse
770 3283 850 3329 lilium
863 3279 1037 3337 detrectare»,

129 3352 204 3406 timul
214 3371 231 3404 u
240 3359 408 3411 nobilitatem
419 3356 511 3408 domtlt
517 3392 526 3423 ,
539 3359 617 3408 etium
627 3356 706 3423 ipsius
712 3383 720 3417 ,
734 3365 837 3418 quoquo
848 3350 926 3409 modo
936 3350 1021 3406 metiti
1026 3353 1041 3413 ,‘
