2234 3817
140 183 190 237 402
454 192 480 230 e.
504 192 599 233 cunr.
624 194 747 235 asciri

136 282 224 339 nium,
237 290 264 327 et
283 274 423 327 infamavit.
440 275 578 325 Fonteium
595 277 745 342 Capitonem
755 290 911 344 corruptum,
927 295 966 328 seu
977 281 1022 343 quis

136 364 299 415 eorrumpere
307 353 450 413 nequiverat
462 384 468 400 ,
479 348 615 399 interiecit.
625 351 712 399 Galbae
720 351 842 417 proditor,
851 353 955 403 Vitellio
962 352 1021 410 fidus,

137 441 162 477 st
174 430 282 477 aliorum
294 423 395 491 perfidiai
412 425 560 473 illustratus.

168 498 393 567 thlt,Aurupss
411 496 522 561 turdique
537 511 597 562 spe,
616 496 771 548 Vitellianus
785 500 874 558 miles,
890 500 1021 561 transiturus

136 573 162 622 in
173 586 271 639 partes,
283 571 309 618 id
319 586 419 634 quoque
435 585 487 617 non
501 570 555 617 sine
567 567 708 629 dedecore,
727 572 771 619 sed
782 573 829 620 sub
840 573 916 636 signis
926 571 1022 619 vexillis·

134 660 182 711 que
193 646 218 692 in
226 644 351 705 subjectos
363 641 462 691 Narniae
472 657 575 706 campos
588 641 751 692 descendere.
762 645 901 693 Flavianus
909 647 1023 699 exereitus,

134 731 163 768 ut
174 718 206 766 ad
218 718 347 783 prelium,
361 718 474 764 intentus
485 726 665 779 armatusque,
678 716 763 764 densis
775 720 843 766 circa
859 719 924 766 viam
940 716 1037 765 ordini-i

133 792 195 844 bus.
213 789 356 839 adstiterat.
375 790 482 854 Accepti
502 789 658 837 inmedium
670 788 824 839 Vitelliani:
838 804 865 839 et
876 789 1026 839 circumdatos

133 863 233 914 Primus
244 863 372 931 Antonius
384 863 523 910 clementer
534 859 681 926 adloquitur
692 881 699 910 ε
714 882 727 910 u
737 880 795 929 pars
809 864 920 921 Narniae,
929 880 979 928 pars
987 864 1027 910 ln-

134 945 252 986 teramnae
266 937 425 986 subsisteret)
441 933 502 997 jussi
514 952 520 981 :
534 934 628 982 relicta
640 934 718 982 simul
733 933 750 982 ὲ,
762 937 909 989 victricibus
919 937 1029 1000 legiones,

135 1026 217 1074 neque
233 1010 418 1073 quiescentibus
437 1024 541 1072 graves,
565 1017 590 1071 et
605 1005 727 1056 adversus
740 1011 927 1059 contumaciam
945 1007 1029 1057 aalide,
1078 1022 1081 1033 ·

136 1080 193 1133 Nou
204 1082 312 1129 omisere
323 1097 367 1147 per
379 1097 421 1129 eos
434 1079 487 1128 dies
501 1081 601 1128 Primus
612 1094 642 1126 ac
651 1079 751 1140 Varus,
763 1083 860 1132 crebris
871 1083 964 1130 nuntiis
974 1096 1029 1128 aaa·

135 1154 225 1215 lntem,
236 1166 261 1202 et
274 1156 421 1220 pecuniam,
432 1166 560 1202 etseereta
573 1151 714 1217 Campaniae
722 1172 737 1202 n
748 1154 839 1204 offerre
851 1156 956 1211 Vitellio
963 1190 970 1212 ,
981 1152 1030 1208 usi,
1080 1136 1084 1183 ¹

134 1226 224 1295 positis
235 1230 325 1286 armis,
337 1244 413 1291 seque
425 1236 454 1274 tc
467 1227 563 1274 liberos
573 1240 633 1273 suos
643 1225 800 1291 Vespasiano
812 1229 966 1293 permisisset
974 1244 997 1274 u.
1006 1225 1030 1271 lu

135 1301 253 1351 eumdem
267 1302 371 1349 modum
383 1311 409 1348 et
424 1298 556 1347 Mucianus
570 1299 716 1363 composuit
729 1302 851 1365 epistolas
865 1321 871 1349 a
885 1301 974 1364 quibus
982 1299 1031 1363 ple·
1084 1294 1085 1301 ’

135 1393 242 1440 sumque
255 1374 330 1422 fidere
341 1374 476 1432 Vitellius,
487 1389 516 1419 ac
526 1372 556 1419 de
569 1388 698 1421 (enumero
710 1390 841 1423 servorum
851 1412 859 1437 ,
870 1375 988 1422 electione
998 1373 1030 1418 lit·

135 1458 245 1502 torum»
260 1449 340 1512 loqui.
351 1446 433 1495 Tanta
452 1444 559 1510 torpedo
573 1446 699 1494 invaserat
713 1447 844 1508 animum,
858 1460 900 1506 ut,
916 1447 934 1493 si
946 1446 1030 1510 princi·
1085 1460 1086 1519 p

134 1537 193 1587 pem
204 1537 262 1587 eum
273 1519 350 1568 luisse
360 1520 438 1568 ceteri
450 1534 502 1567 nou
516 1518 708 1577 meminissent,
722 1520 775 1584 ipse
792 1521 991 1571 oblivisceretur.

92 1630 98 1640 ,
167 1592 263 1641 LXlV.
282 1592 318 1640 At
331 1592 457 1657 primores
474 1591 598 1649 civitatis,
617 1591 733 1640 Flavium
746 1593 884 1650 Sabinum,
929 1590 1030 1638 electum

134 1665 216 1726 urbis,
229 1667 330 1715 secretis
343 1665 504 1716 sermonibus
514 1664 673 1722 incitabant,
690 1665 826 1713 evictoriae
845 1606 969 1728 faorzes
981 1677 1032 1727 psr·

134 1750 188 1787 tem
203 1751 361 1806 capesseret:
374 1752 427 1784 esse
442 1735 480 1783 illi
494 1734 631 1797 proprium
650 1737 759 1783 militem
771 1735 920 1784 cohortium
932 1737 1033 1782 urbana·

134 1827 193 1860 rum
207 1829 212 1860 :
228 1829 276 1860 nec
288 1809 415 1861 delaturus
425 1806 530 1872 vigilum
542 1802 659 1852 cohortes
671 1838 679 1865 ,
692 1806 795 1853 servitia
806 1808 921 1871 ipsorum
932 1840 940 1863 ,
952 1807 1033 1857 fortu-
1085 1787 1086 1881 l

134 1897 195 1934 nam
205 1886 331 1950 partium,
346 1894 372 1930 et
389 1868 473 1930 omnia*
488 1892 570 1945 prona
579 1876 732 1928 victoribus.
742 1877 781 1931 lle
794 1878 905 1926 Antonio
917 1878 1034 1941 Varoque

135 1954 167 2006 de
179 1958 259 2023 gloria
270 1954 431 2005 concederet.
447 1953 544 2002 Paucas
555 1949 661 2001 Vitellio
673 1949 804 2010 cobortes,
816 1964 842 1999 et
852 1951 951 1999 moestis
963 1949 1032 1998 undi-

135 2047 184 2097 que
193 2032 288 2082 nuntiis
301 2028 412 2095 trepidas
422 2046 428 2076 z
440 2027 531 2093 populi
541 2023 664 2074 mobilem
679 2026 807 2087 animum3
818 2036 860 2085 et,
878 2025 901 2075 si
913 2023 1031 2095 seducent

134 2105 299 2171 prebuisset,
309 2103 411 2153 easdem
423 2103 479 2150 illas
490 2101 650 2148 adulationes
662 2116 710 2166 pro
719 2099 874 2164 Vespasiano
885 2098 947 2148 lore.
956 2099 1030 2163 Ipsum

135 2178 270 2228 Vitellium
283 2196 314 2226 ne
327 2174 570 2242 prosperisfquidem
582 2191 685 2241 parem,
704 2172 768 2221 adeo
780 2174 912 2221 ruentibus
924 2171 1029 2219 debilita-

71 2290 78 2300 s
135 2261 201 2298 tum.
212 2251 325 2300 Gratiam
335 2249 426 2314 patrati
438 2246 500 2297 belli
512 2264 590 2314 penes
605 2246 678 2306 eum,
689 2250 734 2311 qui
746 2247 833 2294 urbem
845 2256 994 2310 occupasset.
1006 2238 1029 2285 ld

134 2323 227 2372 Sabino
237 2324 369 2371 convenire
379 2356 386 2379 ,
399 2331 428 2366 ut
439 2321 577 2385 imperium
585 2319 658 2367 fratri
671 2333 829 2385 reservaret3
843 2320 871 2368 id
880 2318 1029 2382 Vespasiano,

135 2407 165 2443 ut
173 2395 250 2442 ceteri
261 2393 449 2457 postSahinum
460 2393 651 2440 haberentur».

165 2464 247 2513 va.
260 2464 336 2512 Haud
345 2480 471 2529 quaquam
480 2477 565 2512 erecto
575 2466 660 2512 auimo
672 2480 714 2511 ess
724 2482 799 2514 voees
810 2467 964 2532 accipiebat,
973 2462 1028 2508 inst·

133 2534 201 2584 lidus
213 2534 321 2584 senectti.
331 2534 410 2584 Erant
421 2571 428 2595 ,
438 2536 482 2598 qui
492 2536 598 2587 occultis
610 2534 797 2597 suspicionibus
806 2539 973 2593 incesserent,
981 2545 1029 2580 tan·

137 2626 212 2675 quam
236 2610 353 2660 ainvidid
373 2622 404 2659 et*
418 2609 576 2678 aemulat-ioue
590 2607 728 2658 lomunam
753 2611 840 2660 fratris
867 2621 1026 2664 moraretur».

134 2684 250 2750 Ilnmque
262 2685 363 2734 Flavius
379 2685 485 2733 Sabinus
501 2692 571 2729 etate
587 2683 673 2747 prior,
686 2684 796 2747 privatis
808 2688 939 2751 utriusque
950 2682 1029 2734 rebus»

137 2761 300 2820 auctoritate,
318 2758 474 2826 pecuniisque
488 2756 673 2822 Vespasianum
687 2758 807 2808 anteibat.
827 2761 859 2808 Et
878 2758 1030 2809 credebatur,

137 2831 252 2880 affectam
266 2832 318 2897 eius
329 2833 404 2882 fidem
417 2831 574 2900 praebuisse,
587 2829 664 2877 domo
676 2831 790 2894 agrisque
810 2833 908 2897 pignori
920 2823 1026 2890 acceptis·

136 2904 229 2969 Unde,
249 2924 392 2975 quanquam
411 2916 526 2955 manente
545 2904 571 2950 iu
588 2904 697 2967 speciem
713 2905 846 2953 concordii
856 2940 863 2965 ‚
875 2903 1029 2953 offensarum,

135 2968 225 3040 operta
238 2981 424 3029 metuebantur.
434 2976 707 3042 Meliorinterpretatio
719 2993 725 3024 ε
739 2994 754 3025 u
762 2981 847 3025 mitem
858 2976 935 3021 virum
945 2968 1029 3017 ablron

135 3064 189 3097 rere
204 3047 349 3114 dsanguine
360 3066 386 3101 et
400 3052 508 3101 caedibus
520 3068 526 3097 ι
540 3050 622 3114 eoque
634 3050 730 3098 crebris
742 3067 800 3099 cum
809 3050 909 3100 Vitellio
917 3039 1029 3094 sermoni·

135 3122 184 3169 bus
193 3120 224 3168 de
235 3138 309 3185 pace,
319 3124 495 3189 ponendisque
504 3142 549 3190 per
558 3124 733 3172 conditionem
741 3126 827 3181 armis,
837 3126 927 3186 agitare
935 3135 958 3169 u.
968 3109 1026 3178 SvPl

137 3192 207 3241 domi
218 3196 365 3258 congressi,
376 3198 507 3263 postremi)
517 3200 543 3245 in
555 3198 607 3246 arde
617 3196 745 3263 Apollinis
755 3234 762 3259 ,
773 3207 801 3245 ut
811 3196 876 3244 lama
889 3194 949 3251 luit,
959 3188 1025 3256 pepi·

137 3266 205 3331 gere.
215 3267 300 3316 Verba
313 3285 436 3335 vocesque
454 3270 517 3319 duos
530 3282 606 3334 testes
618 3271 758 3336 habebant,
770 3270 885 3319 Cluvium
908 3264 992 3316 Rulurn
1004 3268 1025 3306 tl

136 3338 224 3385 Silium
231 3340 453 3391 Italicum.Vultus
460 3345 549 3408 procul
557 3346 696 3393 visentibus
703 3346 854 3393 notabantur
863 3339 969 3409 3Vitellii
975 3346 1022 3400 pro·

134 3407 216 3470 iectus
228 3421 253 3459 er
264 3411 387 3480 degener,
399 3415 505 3491 Sabinus
515 3435 570 3469 non
581 3419 722 3481 insultans,
734 3430 759 3469 et
776 3418 910 3470 miseranti
924 3410 1023 3483 pr⁰Pl⁰¹·
