2234 3817
548 76 553 97 l

308 182 694 261 aretontrauatare.fr.
780 194 788 257 J
906 199 957 252 411

41 290 148 332 vastum
160 256 337 350 desertumque
349 304 355 333 ε
367 286 472 353 dilapsis
481 290 557 338 etiam
567 289 659 338 infimis
670 288 848 352 servitiorum,
858 304 904 342 aut
912 310 959 342 oe·
1037 340 1038 343 ,

44 372 150 405 cursum
161 357 215 421 ejus
224 358 423 412 declinantibus·
431 362 522 424 Terret
532 364 654 424 solitudo,
666 377 691 414 et
701 371 813 416 tacentes
825 368 874 415 loci
883 385 889 414 :
898 373 960 417 ten-

44 439 82 476 tat
90 429 348 481 clausa2inhorrescit
356 435 441 482 vacuis
450 452 456 481 :
466 433 596 500 fessusque
603 437 696 485 misero
704 454 797 496 errore,
806 440 959 505 etpudendi

44 502 146 550 latebra
156 517 235 554 semet
245 507 390 571 occultans,
403 508 433 556 ab
443 508 457 556 J
459 508 511 557 ulio
519 508 636 568 Placido,
646 511 750 561 tribuno
759 512 885 576 cohortis,
894 531 961 579 pro-

45 576 170 626 trahitur.
191 579 290 630 Vinctae
308 596 376 645 pone
396 592 494 646 tergunt
515 599 605 633 manus
623 605 629 632 ε
645 583 738 633 laniati
756 580 843 645 veste,
863 587 959 637 foedum

45 649 239 715 spectaculum,
258 651 415 712 ducebatur,
432 656 520 704 multis
538 657 747 723 increpantibus,
765 659 837 707 nullo
855 660 960 727 illacry-

48 735 136 772 mante
157 742 163 770 :
184 721 331 778 deformitas
349 730 431 780 exitiis
449 731 647 782 misericordiam
664 734 810 782 abstulerat.
831 734 928 784 Obvius
945 734 961 784 ὲ

47 793 210 848 Germanicis
222 802 358 864 militibus,
369 805 504 855 Vitellium
515 804 607 854 infesto
619 808 671 856 ictu
679 796 747 871 ypei
760 808 823 854 iram
836 844 843 864 ‚
857 802 897 856 vel
907 808 959 872 'qub

49 868 173 920 maturius
188 874 305 925 ludibriis
316 881 452 939 eximeret,
465 897 497 928 an
513 881 645 928 tribunum
660 881 809 945 appetierit,
826 882 851 929 in
863 882 961 931 incerto

49 943 98 993 luit
114 962 120 991 :
134 963 222 996 aurern
236 950 331 998 tribuni
343 954 483 1017 amputavit
490 956 504 1012 ,'
515 970 544 1002 ac
564 955 649 1002 statim
663 953 794 1003 confossus
808 967 855 1004 est.
872 956 961 1006 Vitel-

47 1016 127 1078 lium,
143 1018 241 1070 infestis
251 1025 421 1083 mucronibus
431 1037 547 1074 coactum
561 1025 642 1074 modo
655 1026 748 1091 erigere
766 1041 805 1085 os,
825 1039 851 1076 et
869 1028 961 1079 offerre

48 1091 222 1152 contumeliis,
235 1110 301 1143 nuuc
311 1095 429 1157 cadentes
444 1109 538 1147 statuas
551 1115 623 1157 suas,
633 1099 784 1164 plerumque
795 1097 903 1161 Rostra,
914 1112 959 1150 aut

51 1160 136 1211 Galbae
143 1167 221 1214 occisi
229 1167 313 1217 locum
323 1171 452 1230 contueri,
461 1171 591 1235 postremi)
601 1171 633 1219 ad
644 1172 796 1233 Gemonias,
810 1173 853 1219 ubi
862 1187 959 1237 corpus

13 1260 14 1265 =
49 1236 133 1284 Flavii
147 1238 233 1288 Sabini
243 1241 365 1303 jacuerat,
383 1244 526 1309 propulere.
538 1245 597 1294 Vox
610 1262 658 1292 una
672 1262 723 1292 non
737 1244 867 1308 degeneris
880 1244 961 1292 animi

52 1324 170 1379 excepta,
183 1315 375 1382 quumtribuuo
388 1322 532 1384 insultanti,
546 1339 562 1371 (t
571 1340 596 1371 se
609 1329 695 1372 tamen
707 1323 887 1387 imperatorem
904 1321 959 1385 ejus

13 1390 15 1417 ῑ
50 1383 131 1435 fuisse
141 1405 169 1449 a),
187 1393 327 1458 respondit.
346 1394 488 1444 Ao'deinde
504 1397 608 1461 ingestis
622 1395 770 1443 vulneribus
786 1394 907 1443 concidit.
926 1395 962 1443 Et

13 1466 15 1493 ²
51 1460 144 1527 vulgus
159 1463 244 1518 eidem
264 1470 388 1534 pravitate
398 1470 577 1523 'insectabatur
590 1469 773 1534 interfectum,
792 1468 842 1534 qua
858 1467 962 1520 foverat

13 1558 16 1567 >
52 1548 187 1588 viventem.

13 1612 16 1639 ³
78 1612 222 1675 LXXXVJ.
231 1617 307 1668 Pater
314 1617 389 1669 illiL.
398 1620 520 1671 Vitellius
530 1639 536 1670 τ
545 1621 683 1686 septimum
691 1629 716 1668 et
723 1618 959 1683 quinquagesimum

13 1700 16 1711 ²
50 1687 126 1736 aetatis
136 1705 233 1739 aunum
243 1692 359 1757 explebat
370 1711 376 1740 ε
387 1684 548 1744 consulatum
559 1733 565 1757 ,
579 1693 718 1747 sacerdotia
729 1730 735 1755 ‚
749 1709 843 1741 nomen
857 1693 961 1741 locum-

50 1776 97 1825 que
109 1762 174 1810 inter
186 1765 323 1829 primores,
339 1766 408 1813 nulii
419 1769 465 1815 aud·
477 1767 615 1829 industrii,
631 1766 677 1815 sed
688 1765 869 1828 cunctapatris
882 1765 962 1812 clari·

19 1841 21 1855 ³
51 1833 138 1883 tudine
148 1836 262 1903 adeptus.
270 1831 443 1901 Principatum
453 1840 476 1884 ei
485 1837 608 1895 detulere,
617 1837 662 1899 qui
669 1838 754 1900 ipsum
764 1852 814 1905 npn
823 1846 958 1883 noverant.

54 1907 143 1956 Studia
155 1911 276 1961 exercitiis
293 1909 353 1960 rard
365 1912 499 1975 cuiquam,
518 1910 596 1957 bonis
607 1909 702 1957 artibus
718 1909 820 1970 quaesita
832 1943 838 1962 ,
854 1908 959 1971 perinde

13 1982 17 2009 l
32 1998 36 2005 ¹
51 1978 170 2042 adfuere,
189 1985 261 2050 quim
274 1986 332 2036 huic
343 1976 390 2051 per‘
405 1986 541 2050 ignaviam.
558 1983 643 2031 Inerat
659 1994 744 2030 tamen
765 1981 913 2045 simplicitas
929 1997 961 2029 ac

13 2054 15 2081 ³
51 2051 206 2124 liberalitaa5
221 2076 286 2123 qua,
301 2059 326 2106 ni
341 2057 408 2106 adsit
422 2056 529 2115 inoduS,
543 2059 569 2105 in
583 2056 690 2105 exitium
703 2065 845 2103 vertuntur.
858 2053 960 2103 Amici·

13 2130 15 2157 ³
49 2127 113 2187 tiae,
128 2131 187 2177 dum
198 2130 371 2195 magnitudine
381 2146 528 2189 numerum,
540 2147 593 2181 non
605 2125 745 2177 constantii
761 2141 860 2175 morum
872 2128 960 2176 conti·

49 2217 112 2249 nere
124 2215 208 2267 putat,
220 2205 313 2254 meruit
324 2200 420 2270 magis,
435 2203 508 2268 quim
524 2203 621 2251 habuit.
632 2202 785 2266 Reipublicae
797 2200 866 2273 baud
879 2201 957 2251 dubiis

47 2274 186 2336 intererat,
198 2276 330 2327 Vitellium
341 2278 408 2326 vinci
421 2295 427 2324 z
439 2276 483 2325 sed
494 2278 618 2341 imputare
630 2274 760 2341 perfidiam
772 2292 822 2322 noo
832 2286 958 2342 possunt,

48 2351 92 2413 qui
100 2349 234 2402 Vitellium
242 2352 395 2417 Vespasiano
406 2351 552 2417 prodidire,
565 2367 644 2415 quum
655 2349 668 2398 ai
680 2349 762 2398 Galba
776 2349 958 2400 descivissent.

46 2424 173 2491 Praecipiti
184 2428 209 2474 in
221 2442 336 2477 occasum
349 2425 404 2482 die,
419 2427 451 2495 ob
461 2442 580 2492 pavorem
593 2427 784 2490 magistratuum
794 2437 961 2480 senatorum,

48 2515 111 2562 que,
123 2499 167 2564 qni
179 2496 268 2565 dilapsi
277 2517 309 2547 ex
318 2499 393 2559 urbe,
405 2512 447 2546 aut
456 2516 501 2564 per
512 2498 601 2548 domos
610 2499 742 2548 clientium
751 2510 832 2547 semet
840 2499 959 2548 occulta·⁴

47 2571 125 2632 bant,
146 2574 234 2620 vocari
248 2584 348 2621 senatus
358 2590 410 2622 non
424 2574 516 2637 potuit.
533 2572 719 2629 Domitianum,
736 2583 872 2635 postquam
888 2569 956 2617 nibil

48 2647 145 2697 hostile
154 2649 330 2706 metuebatur,
342 2649 374 2697 ad
389 2648 465 2696 ducas
481 2648 592 2713 partium
601 2661 776 2711 progressum,
785 2657 811 2692 et
823 2648 956 2697 iterarem

48 2721 253 2780 consalutatum,
271 2721 342 2771 miles
354 2721 485 2789 frequens,
499 2725 577 2786 utque
590 2721 679 2769 eratin
691 2718 782 2779 armis,
798 2717 824 2767 in
837 2729 956 2785 paternos

47 2807 156 2861 penates
174 2794 290 2849 deduxit.'

461 2930 472 2945 k

45 2948 956 2993 mmewwmfflumutmxmmswmm

13 3168 19 3187 „
89 3022 93 3030 ⁴
162 3061 838 3203 Histonrnnuutmav.

41 3270 156 3315 Licentia
164 3272 272 3314 utilitum
285 3272 460 3314 Flavianorum
470 3269 494 3309 in
503 3265 625 3323 ipsdurbe
634 3265 749 3306 exercita.
759 3262 786 3306 L.
801 3263 902 3306 Vitellio
911 3263 955 3306 de-

67 3333 120 3374 dito
128 3331 315 3390 interfectoque,
326 3332 462 3386 Cantpania
468 3331 626 3381 componitur.
635 3327 738 3396 Senatus
742 3336 787 3379 pro
796 3325 955 3380 Vespasiano.

69 3395 249 3437 Flavianorum
263 3393 351 3437 ducum
367 3392 477 3434 lionorcs.
493 3388 603 3433 Helvidii
616 3387 697 3429 Prisci
709 3393 762 3427 vita
775 3393 845 3441 atque
861 3399 939 3429 atores
947 3405 956 3438 ;

68 3465 127 3496 cum
135 3453 215 3509 Eprio
223 3454 343 3505 Marcello
355 3438 503 3504 certamina,
517 3452 582 3515 irater
592 3459 645 3504 quoe
653 3446 683 3490 de
689 3445 775 3554 leratip
783 3444 816 3553 aad
826 3445 955 3501 Vespasia-
