2234 3817
122 133 153 192 52
212 165 213 172 ,
380 121 394 136 ’
440 136 710 181 contrarierat

121 222 292 292 Quinctilium
309 187 483 271 inientecertnr
499 239 506 269 ε
524 220 707 270 meminissent*
717 216 795 269 modd
810 227 850 269 tot
861 216 1026 285 preliatum,

119 313 229 365 quorum
238 309 338 355 eventu,
346 308 371 344 et
377 295 409 344 ad
415 307 574 364 postremum
580 295 667 362 ejectis
677 294 809 353 Romanis,
815 292 1025 360 satiaprobatum,

119 392 197 443 penes
208 374 385 423 utros'summa
394 371 456 419 belli
468 369 574 420 fuerit.»

151 446 245 500 XLVb
255 444 344 511 Neque
354 442 655 507 Maroboduusjactantiai
664 442 703 491 sui
711 479 718 501 ,
727 454 770 491 aut
780 441 880 508 probris
890 438 917 486 in
923 434 1024 485 bostem

58 551 61 566 t
119 520 282 580 abstinebat:
300 517 345 565 sed
361 517 551 582 Inguiomerum
570 527 672 573 tenens,
689 517 761 566 nIllo
781 517 807 563 in
825 529 931 579 corpore
948 510 1025 558 decue
1098 571 1105 576 ⁵

119 593 397 651 omne·Cheruscorum,
407 592 476 640 illius
484 583 597 641 consiliis
606 603 675 657 gesta
685 599 738 656 qu’ae
747 590 869 657 prospere
878 586 1023 643 ceciderint,

118 667 278 733 testabatur
289 684 299 715 c
315 665 450 714 vecordem
461 664 606 714 Arminium
615 702 623 730 ‚
632 677 658 713 et
669 682 756 715 rerum
771 665 901 721 nescium,
915 662 1024 709 aiienam

116 745 223 811 gloriam
237 746 263 794 in
277 760 303 793 se
322 743 435 798 trabere,
451 744 570 807 quoniam
587 755 638 792 tres
656 760 746 792 vacuas
762 743 873 807 legiones
889 751 916 789 et
933 738 1024 787 ducem

115 820 213 871 frarrdis
224 819 338 884 ignarum
347 818 453 884 pertidia
464 818 604 884 deceperit,
615 817 704 886 magud
714 835 771 867 curu
783 817 854 865 clade
867 814 1023 871 Germania,

117 905 145 942 et
165 892 304 958 ignominii
321 892 381 958 sud,
400 908 479 958 quum
497 892 602 956 conjux,
619 901 706 955 'quum
726 892 793 940 lilios
817 892 871 952 ejus
893 888 1023 936 servitium

118 967 204 1016 adbuc
213 967 332 1017 tolerent.
343 966 377 1015 At
389 979 414 1014 se
424 964 555 1014 duodecim
565 966 706 1029 legionibus
716 965 825 1030 petitum
834 961 897 1010 duce
906 959 1023 1032 Tiberio,

117 1043 244 1091 illibatam
260 1043 446 1092 Germanorum
464 1041 568 1106 gloriam
585 1040 724 1088 servavisse
738 1056 744 1088 :
758 1053 821 1086 mox
834 1032 1024 1085 conditionibus

113 1116 192 1177 eequis
203 1113 339 1160 discessum
352 1127 445 1174 :neque
455 1114 577 1177 poenitere
587 1112 654 1177 quod
661 1113 773 1178 ipsorum
782 1112 808 1160 in
819 1126 896 1159 manu
906 1108 948 1162 sit,
958 1104 1024 1154 inte·

113 1187 549 1254 grumadverrnsRomauoebellum
556 1205 586 1235 an
595 1185 681 1253 pacem
689 1188 843 1236 incruentam
852 1183 967 1231 malim.»
975 1181 1022 1231 Hit

114 1263 220 1311 vocibus
232 1263 364 1309 instinctos
378 1259 504 1308 exercitus
514 1262 621 1324 propriae
636 1279 735 1326 quoque
747 1276 825 1309 caosae
839 1255 1021 1306 stimulabant:

115 1354 193 1402 quum
200 1336 218 1386 'i
229 1336 362 1386 Cheruscis
375 1333 614 1400 Langobardisque,
626 1350 673 1399 pro
685 1336 791 1397 antiquo
803 1333 907 1388 decore,
923 1341 967 1379 tut
977 1347 1023 1382 re·

112 1411 181 1458 cetui
190 1409 307 1458 libertate
317 1427 323 1469 ς
340 1415 366 1456 et
376 1404 476 1466 contra,
491 1404 610 1469 augendae
622 1405 790 1453 dominationi
803 1416 952 1455 certaretur.
963 1404 1023 1455 Non

113 1484 274 1547 aliasmajore
285 1483 354 1532 mole
361 1493 510 1532 concursum
520 1493 616 1547 ,neque
628 1481 747 1545 ambiguo
754 1471 833 1545 magis
841 1493 936 1531 eventu
946 1479 1023 1536 ,insit

113 1557 243 1619 utrimque
253 1555 349 1605 dextris
360 1557 487 1608 cornibus.
497 1558 698 1622 sperabaturque
708 1571 807 1604 rursum
817 1573 903 1623 pugna
909 1593 917 1619 ,
927 1558 953 1605 ni
964 1557 1024 1624 ¹⁵¹²:

94 1681 97 1687 ,
113 1627 245 1679 roboduus
261 1641 341 1679 castra
354 1630 378 1677 in
395 1630 472 1678 colles
487 1630 661 1679 subduxisset.
679 1629 708 1681 ld
724 1630 823 1695 rignum
835 1631 946 1696 perculsi
956 1629 1022 1678 t‘uitr

112 1716 139 1754 et
153 1703 287 1770 transfugis
300 1706 423 1771 paulatim
434 1704 557 1771 nudatus,
573 1709 599 1755 in
613 1705 807 1755 Marcomannos
816 1703 1024 1760 concessit,mi·

113 1780 477 1859 sitqqe'legatosadTiberium
487 1782 707 1830 oraturosauxiiia.
716 1784 878 1845 Responsum
886 1792 937 1836 est,
947 1794 1022 1827 anon

109 1854 165 1920 jure
180 1854 378 1920 euruadversua
395 1854 535 1904 Cheruscos
548 1873 621 1905 arma
635 1853 749 1905 Romana
763 1856 895 1913 invocare,
911 1853 952 1916 qui
970 1870 1024 1919 pu·

109 1927 210 1994 garantia
221 1927 246 1975 in
260 1926 378 1975 eumdem
390 1927 489 1976 bostem
498 1931 628 1978 Romanos
638 1928 707 1975 nulli
718 1943 766 1993 ope
783 1929 914 1993 juvisset.»
927 1926 1023 1979 Missua

110 2010 199 2060 tamen
211 2001 322 2057 Drusus,
336 2012 365 2048 ut
376 1987 522 2058 retulimus,
537 2004 607 2068 pacis
621 2003 745 2053 firmator.
814 2001 819 2007 ’

47 2129 49 2132 ,
125 2057 250 2127 'delIL
267 2072 367 2123 Eodem
380 2091 447 2124 anuo
462 2074 601 2125 duodecim
616 2075 727 2123 celebres
739 2074 804 2124 Asia
820 2075 895 2124 urbes
905 2073 1022 2137 collapso

110 2162 237 2203 nocturno
253 2160 326 2201 motu
343 2160 429 2212 terre,
447 2150 500 2217 qud
516 2153 679 2217 improvisior
696 2154 842 2216 graviorque
857 2155 935 2218 pestis
946 2151 996 2200 fuit
1014 2168 1029 2212 a,

112 2237 195 2292 neque
211 2220 315 2268 solitum
330 2224 356 2266 in
373 2222 418 2268 tali
433 2238 492 2270 casu
508 2224 629 2287 effugium
644 2226 808 2274 subveniebat
821 2228 847 2273 in
860 2237 945 2290 aperta
958 2241 1024 2292 pro·

110 2291 261 2358 rumpendi,
272 2294 330 2354 quia
342 2291 453 2341 diductis
463 2296 537 2363 terris
549 2298 738 2347 hauriebantur.
751 2298 870 2347 «Sediase
884 2279 1024 2347 inimensos

110 2377 228 2424 montes,
240 2364 293 2411 visa
305 2364 330 2412 in
346 2364 425 2413 arduo
439 2384 493 2431 qute
503 2369 581 2433 plana
590 2367 701 2425 luerint,
718 2371 836 2422 edirlsisse
847 2374 910 2420 inter
919 2371 1024 2419 ruinam

109 2434 206 2502 igne'su
226 2449 377 2486 memorant.
397 2438 542 2505 Asperrima
559 2444 587 2490 in
606 2442 740 2493 Sardianos
757 2447 811 2494 luet
832 2443 968 2510 plurimum
988 2444 1030 2490 in·

110 2512 215 2560 e'osdam
232 2510 411 2568 misericordia.
427 2515 530 2580 traxit:
547 2533 607 2565 nam
622 2513 717 2566 centies
731 2521 874 2567 sestertium
889 2516 1023 2582 pollicitus

111 2587 202 2643 Caesar,
211 2598 236 2635 et
247 2598 370 2650 quantum
380 2589 481 2649 erario,
493 2601 537 2639 ant
546 2591 607 2638 fisco
617 2590 810 2655 pendebantsin
818 2589 1032 2657 quinquennium

110 2659 219 2710 r'eurisit„
238 2659 393 2724 Magnetesb
408 2662 511 2730 Sipylo,
527 2665 638 2729 proximi
653 2664 745 2713 damno
761 2681 790 2713 ac
803 2663 1024 2714 remediobabiti.

52 2787 58 2797 ¹
109 2731 246 2796 Tedanius,
262 2733 494 2800 Philadelpbenos,
515 2725 630 2802 AE'geatas
642 2774 650 2796 ‚
664 2739 897 2805 Appollonidenses
905 2775 912 2798 ,
928 2738 1026 2801 quique

109 2806 235 2865 Mosteni,
251 2818 295 2856 aut
306 2809 457 2857 macedones
470 2813 582 2877 Hyrcani
597 2825 726 2871 vocantur,
740 2824 765 2860 et
781 2812 1026 2869 Hieroscaesaream,

109 2879 255 2948 Myrinam,
275 2882 390 2948 Cymen,
408 2884 547 2940 Mmolum,
563 2886 642 2935 levari
657 2885 723 2933 idem
741 2885 767 2929 in
783 2896 883 2947 tempus
899 2883 1026 2942 tributis,

109 2951 228 3013 mittique
238 2967 267 3000 ex
276 2965 363 3000 senatu
370 2955 473 3017 placuit,
485 2957 529 3019 qui
538 2959 670 3022 praesentia
677 2966 814 3024 spectaret,
824 2952 1005 3018 refoveretque
1018 2972 1026 3002 r

110 3021 224 3076 delectus
236 3036 273 3070 est
283 3025 318 3072 Μ.
329 3026 418 3072 Alema
428 3025 441 3072 ὲ
451 3030 592 3092 pretoriis,
602 3034 634 3079 ne
642 3030 766 3079 consolari
776 3028 908 3077 obtinente
920 3028 1037 3088 Asiam„

109 3096 236 3143 remulatio
248 3097 313 3143 inter·
323 3114 408 3161 pares,
421 3111 445 3147 et
457 3113 489 3147 ex
505 3117 535 3149 eo
550 3103 760 3168 impedimentum
771 3104 889 3150 oriretur.
1033 3097 1036 3101 ’

142 3167 260 3217 XLVIll.
273 3168 434 3232 Magnificam
443 3172 605 3236 inpublicum
614 3175 773 3241 largitionem
783 3177 854 3225 auxit
861 3176 942 3224 Cesar
951 3174 1027 3223 haud

21 3285 27 3294 X
109 3237 195 3284 mimis
211 3239 419 3302 gratilibertate',
432 3245 501 3308 quod
512 3247 694 3296 terraemotus
707 3248 929 3314 Mrtsae'locupletis
939 3250 1038 3308 intes-¹

108 3318 165 3384 tatae
179 3313 257 3373 petita
271 3313 296 3358 in
310 3313 412 3378 fiscum,
424 3318 527 3366 AEmilio
541 3320 652 3382 Lepido,
668 3324 763 3386 cujuse
775 3324 853 3372 domo
865 3321 1027 3380 videbaturr

109 3379 1040 3473 etPatuleidiritisequitisRomanihereditatem(quanquamipseherea
