2234 3817
108 142 142 202 'tt
426 163 452 199 c.
469 165 561 200 cons.
579 160 693 203 rserrr

48 241 51 246 ⁴
110 256 149 298 tos
161 244 193 293 ab
201 243 373 310 interioribus
382 242 516 293 reddidere
528 262 534 292 ε
545 243 648 308 quidam
662 245 688 292 in
697 243 838 293 Britaniam
848 244 930 310 rapti,
942 255 970 295 et
980 259 1032 296 re·

111 322 183 368 missi
202 322 217 370 i
234 321 337 385 regulis.
358 319 394 366 Ut
413 323 469 385 quis
487 337 518 369 ex
538 321 677 384 longinquo
695 331 862 381 revenerunt,
884 324 1030 375 miracula

111 396 256 450 narrabant,
266 394 339 441 «sim
349 394 492 442 turbinum.
506 405 532 441 et
541 387 667 442 inauditas
676 393 802 450 volucres,
812 405 923 442 monstra
930 397 1031 455 maris,

111 469 241 532 ambiguas
254 467 387 516 hominum
408 480 434 516 et
447 468 591 520 belluarum
605 467 723 518 lormasa
737 484 743 513 ε
757 469 825 531 visa,
842 469 895 516 sive
905 473 936 517 ei
954 480 1031 517 metu

112 541 215 589 credita.
255 601 257 605 v

92 649 95 654 -
144 619 228 665 XXV.
239 618 288 665 Sed
298 617 364 665 fama
372 616 460 668 elassis
469 617 580 676 esnisia,
590 628 620 664 ut
628 617 770 666 Germanos
779 616 812 665 ad
822 626 892 680 spem
902 614 982 674 belli,
992 618 1032 663 ita

112 688 234 737 Caesarem
242 691 275 736 ad
286 689 453 738 coercendum
462 691 551 738 erexit.
558 692 588 740 C.
597 690 657 737 Silio
667 706 724 738 cum
732 691 833 753 triginta
842 686 970 752 peditum,
984 690 1044 737 tri-·

112 761 162 820 bus
174 765 289 827 equiturn
298 764 411 812 millibus
419 764 455 811 ire
464 766 490 811 iri
499 765 585 812 Cattos
595 765 703 828 imperat
716 781 722 810 z
735 764 787 828 ipse
796 761 935 822 maioribus
945 765 1033 828 copiis

112 835 210 884 Marsos
222 837 357 902 irrumpit:
368 853 477 899 quorum
490 836 542 884 dux
555 836 722 884 Maiorendus
733 851 813 899 nuper
831 837 856 882 in
868 833 1032 898 deditionem

103 905 231 973 'aceeptus
243 945 250 966 ,
263 912 428 975 «propinquo
443 912 503 959 luco
521 909 646 958 defossam
661 909 775 957 Varianae
793 907 898 972 legionis
916 909 1033 972 aquilam

81 1040 86 1048 ι
114 982 216 1031 modico
234 984 351 1047 prasidio
369 988 462 1034 serrari
473 1003 488 1033 u
500 984 604 1032 indicat.
622 982 697 1031 Missa
713 979 842 1047 extemplo
854 996 954 1035 manus,
971 985 1032 1045 quae

113 1052 242 1104 hostemt
253 1056 336 1105 fronte
348 1059 467 1122 eliceret3
484 1058 527 1107 alii
539 1060 584 1120 qui
600 1067 668 1118 terga
681 1056 856 1119 circumgressi
868 1052 1034 1102 recluderent

115 1127 223 1176 humum
231 1131 243 1175 ἐ
257 1142 285 1176 et
298 1133 411 1194 utrisque
422 1132 504 1179 adluit
519 1133 620 1180 fortuna
634 1148 639 1178 :
654 1131 684 1178 eb
697 1131 841 1195 promptior
851 1131 935 1179 Caesar
946 1130 1031 1193 pergit

116 1204 258 1258 introrsus,
272 1206 416 1269 populatur,
428 1205 552 1252 exscindit
563 1224 614 1252 non
626 1225 713 1254 ausum
723 1204 842 1268 congredi
853 1202 973 1268 hostem3
987 1212 1033 1251 aut

116 1277 197 1324 sicubi
208 1278 348 1334 restiterat,
363 1280 447 1326 stetim
459 1277 576 1346 pulsum,
591 1287 764 1339 necunquam
776 1279 856 1338 magis
866 1281 876 1329 ,”
888 1289 915 1324 nt
927 1293 958 1323 ex
968 1269 1032 1340 esp-

116 1352 175 1402 tivis
186 1356 378 1419 cognitumest,
389 1367 533 1420 paventem.
545 1353 646 1418 Quippe
659 1371 672 1397 ιι
680 1354 788 1400 invictos
803 1364 827 1398 et
840 1354 918 1402 nullis
931 1354 1031 1402 casibus

117 1429 270 1491 superabiles
282 1429 411 1480 Romanos
421 1428 626 1492 praedicabam,
635 1431 693 1491 qur,
709 1426 807 1490 perditi
820 1428 914 1476 classe.
933 1425 1033 1472 amissis
1052 1475 1055 1482 ,

118 1497 197 1549 armis
205 1539 214 1561 ,
231 1510 291 1564 post
302 1511 429 1551 constrata
445 1514 567 1564 equorum
578 1499 741 1561 virorumque
757 1497 908 1562 corporibus
925 1500 1030 1561 littora,

120 1572 207 1624 eidem
224 1576 329 1636 virtute,
342 1573 510 1640 pari-larome,
520 1568 548 1621 'et
562 1573 640 1619 veluti
653 1572 719 1619 ancti
732 1588 839 1619 numero
850 1575 1032 1638 irrupissent.»

151 1648 254 1698 XXVI.
265 1648 395 1696 Reductus
407 1647 465 1696 inde
477 1648 502 1695 in
514 1646 619 1695 hiberna
632 1647 704 1693 miles
718 1647 789 1693 laetus
801 1648 893 1702 animi,
905 1646 974 1711 quud
985 1644 1033 1693 ad-

118 1711 192 1771 uersa
211 1722 289 1769 maris
305 1722 466 1787 expeditione
481 1721 602 1787 prosperi
617 1722 791 1789 pensavisset:
810 1720 909 1768 addidit
926 1720 1033 1768 munifi-

53 1839 57 1846 χ
120 1792 233 1841 centiam
242 1794 338 1853 Cesar,
355 1792 529 1858 quantumque
543 1794 629 1842 damni
644 1794 770 1863 professus
783 1807 850 1851 erat.
865 1791 1030 1841 exsolvendo.

119 1863 175 1914 ties
185 1863 293 1914 dubium
308 1866 446 1915 habebatur
457 1867 541 1915 labare
554 1866 652 1929 hostes,
668 1867 831 1933 petendaeque
843 1869 911 1932 pacis
920 1861 1029 1914 consilia

120 1935 220 1999 sumere
228 1976 238 2004 ,
253 1951 280 1987 et
293 1939 315 1987 si
329 1941 444 2004 proxima
461 1953 532 1990 testes
548 1941 797 2005 adiiceretur‚‘pusse
808 1940 906 1987 bellum
917 1942 1028 2004 patrari:

121 2009 166 2059 sed
180 2013 277 2062 crebris
295 2015 408 2080 epistolis
425 2016 544 2066 Tiberius
561 2016 698 2070 monebat,
719 2012 837 2061 «rediret
851 2013 884 2060 ad
900 2013 1028 2062 decretum

127 2087 287 2152 triumphum
300 2105 306 2135 ε
320 2088 380 2137 satis
392 2088 602 2153 inmemorem,
614 2089 675 2136 satis
690 2103 792 2135 casuum
807 2103 813 2133 e
826 2099 943 2152 prospera
955 2088 992 2134 illi
1004 2099 1031 2136 et

121 2173 213 2222 nequa
228 2164 287 2225 prael
298 2180 312 2209 a
325 2180 330 2207 ε
346 2178 434 2209 eorum
446 2177 546 2224 quoque
558 2162 729 2214 meminisset.
740 2175 793 2221 quae
809 2160 913 2207 venti'et
921 2161 1030 2217 fluctus,

124 2230 195 2280 nulli
207 2232 279 2279 dunis
292 2231 382 2295 culpi.
395 2235 480 2295 gravis
496 2243 583 2280 tamen
600 2244 626 2279 et
644 2248 707 2280 saeva
724 2232 816 2280 damna
828 2227 971 2280 intulissent
984 2251 990 2279 :
1003 2249 1029 2279 se

125 2303 244 2352 novissi
262 2304 322 2351 divo
337 2303 454 2368 Augusto
473 2306 498 2353 in
516 2305 683 2353 Germaniam
700 2306 823 2369 missum,
841 2307 912 2376 plura
923 2305 1029 2354 consilio

124 2373 201 2436 quim
215 2376 241 2421 vi
254 2374 386 2440 perfecisse
400 2393 406 2423 ε
424 2377 460 2424 sic
477 2377 633 2441 Sugambros
644 2378 671 2426 in
683 2377 837 2427 deditionem
849 2376 980 2442 acceptos':
994 2379 1030 2423 sic

124 2447 236 2505 Suevos,
246 2464 380 2515 regemque
389 2450 575 2500 Maroboduum
588 2468 651 2518 pace
662 2454 813 2524 qbstrictum
826 2470 832 2499 ε
863 2469 917 2500 osse
927 2461 952 2498 et
962 2448 1029 2496 Che-

125 2535 229 2584 ruscos,
245 2531 390 2587 ceterasque
407 2524 541 2573 rebellium
559 2535 664 2589 gentes,
681 2526 783 2593 quando
803 2527 922 2573 Romanas
938 2523 1030 2571 ultioni

67 2647 71 2652 ,
126 2594 270 2645 consultum
279 2608 358 2652 esset,
370 2597 477 2646 internis
489 2597 624 2647 discordiis
637 2600 744 2662 relinqui
754 2616 779 2646 n.
795 2594 916 2644 Precante
928 2596 1032 2644 Germa·

70 2677 74 2680 “
126 2668 184 2714 raico
194 2685 288 2718 annum
300 2670 436 2721 efficiendis
447 2673 535 2739 coeptis
547 2671 630 2721 acrius
642 2672 791 2720 modestiam
804 2669 857 2733 ejus
872 2670 1031 2736 adgreditur,

128 2741 237 2790 ulterram
246 2746 405 2794 consulatum
416 2745 555 2810 offerendo,
565 2746 636 2811 euius
643 2746 728 2794 munia
738 2744 933 2810 praesensobiret
944 2762 951 2790 ε
961 2745 1035 2793 simul

127 2810 291 2874 adnectebat,
305 2818 352 2867 usi
361 2816 434 2865 'foret
452 2818 534 2865 adhuc
551 2818 716 2876 bellandum,
732 2818 884 2876 relinqueret
900 2819 1032 2862 materiem

113 2884 203 2936 'Drusi
211 2887 295 2938 fratris
303 2891 403 2953 gloriae..
412 2891 456 2952 qui
464 2894 536 2942 nullo
547 2905 601 2941 tum
610 2896 661 2942 alio
669 2894 754 2952 hoste,
766 2905 816 2936 non
828 2889 876 2934 nisi
888 2879 956 2951 apud
967 2890 1033 2938 Ger·

114 2962 223 3009 ‘manias
235 2962 338 3024 adsequi
348 2980 446 3014 nomen
457 2970 671 3035 imperatoriam,
683 2978 708 3016 et
716 2961 966 3031 deportarelauream
975 2980 1034 3029 pos-

115 3031 201 3082 sets.
214 3032 289 3084 Haud
301 3046 433 3086 cunctatus
448 3050 486 3086 est
497 3039 566 3089 ultra
582 3041 749 3090 Germanicus
761 3052 905 3101 quanquam
921 3037 982 3104 fingi
992 3055 1018 3087 ea
1025 3075 1032 3098 ,

128 3119 204 3168 seque
216 3120 261 3171 per
272 3106 393 3158 iuvidiam
406 3122 478 3175 parto
491 3111 540 3174 iam
554 3113 638 3162 decori
655 3113 754 3162 abtrahi
764 3103 957 3170 intelligererlll‘
965 3103 1013 3176 Lf
1048 3127 1064 3164 r·
1077 3135 1094 3160 ,ν

161 3178 272 3230 xxv-11.
284 3179 336 3230 Sub
347 3182 415 3231 idem
425 3195 525 3250 tempus
535 3186 550 3234 e
562 3186 657 3235 familiai
666 3187 854 3236 scriboniomm
865 3173 1046 3234 Libofflrrbils«

130 3247 1034 3322 deferturmoliriresnovas.Eiusnegutiiinitium,ordinem,finem‚cu·

130 3318 211 3368 satiris
221 3323 341 3375 disseram
350 3346 358 3391 ς
368 3330 428 3390 quia
439 3341 495 3378 tum
506 3329 617 3396 primum
626 3344 725 3396 reperta
737 3344 812 3391 sunt,
827 3341 881 3394 quae
890 3345 935 3396 per
944 3341 982 3378 tot
990 3347 1034 3378 an-
