<?xml version="1.0" encoding="UTF-8"?>
<!DOCTYPE html PUBLIC "-//W3C//DTD XHTML 1.0 Transitional//EN"
    "http://www.w3.org/TR/xhtml1/DTD/xhtml1-transitional.dtd">
<html xmlns="http://www.w3.org/1999/xhtml" xml:lang="en" lang="en">
 <head>
  <title>
</title>
<meta http-equiv="Content-Type" content="text/html;charset=utf-8" />
  <meta name='ocr-system' content='tesseract 3.04.00' />
  <meta name='ocr-capabilities' content='ocr_page ocr_carea ocr_par ocr_line ocrx_word'/>
</head>
<body>
  <div class='ocr_page' id='page_1' title='image "./ccorntacitioper01brotgoog_0424.png"; bbox 0 0 2234 3817; ppageno 0'>
   <div class='ocr_carea' id='block_1_1' title="bbox 113 103 706 156">
    <p class='ocr_par' dir='ltr' id='par_1_1' title="bbox 113 103 706 156">
     <span class='ocr_line' id='line_1_1' title="bbox 113 103 706 156; baseline -0.019 0"><span class='ocrx_word' id='word_1_1' title='bbox 113 103 163 156; x_wconf 76' lang='lat' dir='ltr'>Ino</span> <span class='ocrx_word' id='word_1_2' title='bbox 430 108 456 148; x_wconf 80' lang='lat' dir='ltr'>c.</span> <span class='ocrx_word' id='word_1_3' title='bbox 475 107 570 147; x_wconf 83' lang='lat' dir='ltr'>conr.</span> <span class='ocrx_word' id='word_1_4' title='bbox 587 104 706 148; x_wconf 77' lang='lat' dir='ltr'>uscrrr</span> 
     </span>
    </p>
   </div>
   <div class='ocr_carea' id='block_1_2' title="bbox 74 186 1037 1952">
    <p class='ocr_par' dir='ltr' id='par_1_2' title="bbox 111 186 1037 481">
     <span class='ocr_line' id='line_1_2' title="bbox 111 186 1033 262; baseline -0.005 -15"><span class='ocrx_word' id='word_1_5' title='bbox 111 196 245 248; x_wconf 79' lang='lat' dir='ltr'>Virtutem</span> <span class='ocrx_word' id='word_1_6' title='bbox 257 191 390 262; x_wconf 89' lang='lat' dir='ltr'>proprium</span> <span class='ocrx_word' id='word_1_7' title='bbox 408 186 542 239; x_wconf 86' lang='lat' dir='ltr'>hominurn</span> <span class='ocrx_word' id='word_1_8' title='bbox 557 189 751 249; x_wconf 69' lang='lat' dir='ltr'>bonum..Deos</span> <span class='ocrx_word' id='word_1_9' title='bbox 761 189 905 241; x_wconf 77' lang='lat' dir='ltr'>fortioribus</span> <span class='ocrx_word' id='word_1_10' title='bbox 923 187 1033 242; x_wconf 81' lang='lat' dir='ltr'>adesse.</span> 
     </span>
     <span class='ocr_line' id='line_1_3' title="bbox 112 264 1036 339; baseline -0.008 -17"><span class='ocrx_word' id='word_1_11' title='bbox 112 267 388 339; x_wconf 83' lang='lat' dir='ltr'>Proindesrripereut</span> <span class='ocrx_word' id='word_1_12' title='bbox 404 264 480 314; x_wconf 79' lang='lat' dir='ltr'>vacui</span> <span class='ocrx_word' id='word_1_13' title='bbox 499 278 650 331; x_wconf 87' lang='lat' dir='ltr'>occupatos,</span> <span class='ocrx_word' id='word_1_14' title='bbox 668 266 760 332; x_wconf 76' lang='lat' dir='ltr'>integri</span> <span class='ocrx_word' id='word_1_15' title='bbox 779 267 856 316; x_wconf 86' lang='lat' dir='ltr'>sessos</span> <span class='ocrx_word' id='word_1_16' title='bbox 874 285 880 316; x_wconf 93' lang='lat'>:</span> <span class='ocrx_word' id='word_1_17' title='bbox 899 264 968 315; x_wconf 91' lang='lat' dir='ltr'>dum</span> <span class='ocrx_word' id='word_1_18' title='bbox 987 266 1036 315; x_wconf 78' lang='lat' dir='ltr'>atti</span> 
     </span>
     <span class='ocr_line' id='line_1_4' title="bbox 111 338 1037 410; baseline -0.004 -16"><span class='ocrx_word' id='word_1_19' title='bbox 111 343 314 410; x_wconf 74' lang='lat' dir='ltr'>Vespasianum,</span> <span class='ocrx_word' id='word_1_20' title='bbox 330 341 374 391; x_wconf 91' lang='lat' dir='ltr'>alii</span> <span class='ocrx_word' id='word_1_21' title='bbox 395 338 531 389; x_wconf 86' lang='lat' dir='ltr'>Vitellium</span> <span class='ocrx_word' id='word_1_22' title='bbox 549 339 668 400; x_wconf 79' lang='lat' dir='ltr'>foveam,</span> <span class='ocrx_word' id='word_1_23' title='bbox 690 354 778 408; x_wconf 81' lang='lat' dir='ltr'>patere</span> <span class='ocrx_word' id='word_1_24' title='bbox 797 341 884 391; x_wconf 87' lang='lat' dir='ltr'>locum</span> <span class='ocrx_word' id='word_1_25' title='bbox 902 339 1037 391; x_wconf 73' lang='lat' dir='ltr'>adversus</span> 
     </span>
     <span class='ocr_line' id='line_1_5' title="bbox 115 428 290 481; baseline 0 -15"><span class='ocrx_word' id='word_1_26' title='bbox 115 428 254 481; x_wconf 84' lang='lat' dir='ltr'>utrumque</span> <span class='ocrx_word' id='word_1_27' title='bbox 264 433 290 466; x_wconf 70' lang='lat' dir='ltr'>n·</span> 
     </span>
    </p>

    <p class='ocr_par' dir='ltr' id='par_1_3' title="bbox 112 485 1034 1223">
     <span class='ocr_line' id='line_1_6' title="bbox 147 485 1033 553; baseline -0.01 -13"><span class='ocrx_word' id='word_1_28' title='bbox 147 489 248 541; x_wconf 84' lang='lat' dir='ltr'>XVIII.</span> <span class='ocrx_word' id='word_1_29' title='bbox 271 489 311 538; x_wconf 86' lang='lat' dir='ltr'>Sic</span> <span class='ocrx_word' id='word_1_30' title='bbox 329 487 356 536; x_wconf 86' lang='lat' dir='ltr'>in</span> <span class='ocrx_word' id='word_1_31' title='bbox 377 487 474 549; x_wconf 72' lang='lat' dir='ltr'>Gallias</span> <span class='ocrx_word' id='word_1_32' title='bbox 496 488 696 553; x_wconf 70' lang='lat' dir='ltr'>Germaniasque</span> <span class='ocrx_word' id='word_1_33' title='bbox 714 487 840 553; x_wconf 84' lang='lat' dir='ltr'>intentus,</span> <span class='ocrx_word' id='word_1_34' title='bbox 859 488 882 536; x_wconf 85' lang='lat' dir='ltr'>ti</span> <span class='ocrx_word' id='word_1_35' title='bbox 900 485 1033 536; x_wconf 62' lang='lat' dir='ltr'>destinas</span> 
     </span>
     <span class='ocr_line' id='line_1_7' title="bbox 112 558 1033 631; baseline -0.008 -18"><span class='ocrx_word' id='word_1_36' title='bbox 112 564 302 631; x_wconf 73' lang='lat' dir='ltr'>provenissent,</span> <span class='ocrx_word' id='word_1_37' title='bbox 319 558 533 613; x_wconf 73' lang='lat' dir='ltr'>validissimarum</span> <span class='ocrx_word' id='word_1_38' title='bbox 545 562 779 627; x_wconf 69' lang='lat' dir='ltr'>ditissimarumque</span> <span class='ocrx_word' id='word_1_39' title='bbox 793 562 927 612; x_wconf 86' lang='lat' dir='ltr'>nationum</span> <span class='ocrx_word' id='word_1_40' title='bbox 946 573 1033 623; x_wconf 83' lang='lat' dir='ltr'>regno</span> 
     </span>
     <span class='ocr_line' id='line_1_8' title="bbox 114 633 1033 704; baseline -0.01 -16"><span class='ocrx_word' id='word_1_41' title='bbox 114 637 273 687; x_wconf 78' lang='lat' dir='ltr'>imminebat.</span> <span class='ocrx_word' id='word_1_42' title='bbox 290 634 326 684; x_wconf 87' lang='lat' dir='ltr'>At</span> <span class='ocrx_word' id='word_1_43' title='bbox 343 633 450 685; x_wconf 85' lang='lat' dir='ltr'>Flaccus</span> <span class='ocrx_word' id='word_1_44' title='bbox 463 635 628 687; x_wconf 88' lang='lat' dir='ltr'>Hordeonius</span> <span class='ocrx_word' id='word_1_45' title='bbox 645 637 741 704; x_wconf 90' lang='lat' dir='ltr'>primos</span> <span class='ocrx_word' id='word_1_46' title='bbox 758 637 849 687; x_wconf 82' lang='lat' dir='ltr'>Civilis</span> <span class='ocrx_word' id='word_1_47' title='bbox 865 645 971 684; x_wconf 88' lang='lat' dir='ltr'>conatus</span> <span class='ocrx_word' id='word_1_48' title='bbox 982 647 1033 697; x_wconf 87' lang='lat' dir='ltr'>per</span> 
     </span>
     <span class='ocr_line' id='line_1_9' title="bbox 114 705 1031 777; baseline -0.008 -19"><span class='ocrx_word' id='word_1_49' title='bbox 114 708 344 760; x_wconf 84' lang='lat' dir='ltr'>dissimulationem</span> <span class='ocrx_word' id='word_1_50' title='bbox 354 708 428 760; x_wconf 83' lang='lat' dir='ltr'>aluit.</span> <span class='ocrx_word' id='word_1_51' title='bbox 439 707 494 758; x_wconf 87' lang='lat' dir='ltr'>Ubi</span> <span class='ocrx_word' id='word_1_52' title='bbox 502 726 520 758; x_wconf 86' lang='lat' dir='ltr'>n</span> <span class='ocrx_word' id='word_1_53' title='bbox 528 720 673 777; x_wconf 79' lang='lat' dir='ltr'>expugnata</span> <span class='ocrx_word' id='word_1_54' title='bbox 680 721 761 759; x_wconf 85' lang='lat' dir='ltr'>castrs</span> <span class='ocrx_word' id='word_1_55' title='bbox 771 744 779 774; x_wconf 91' lang='lat'>,</span> <span class='ocrx_word' id='word_1_56' title='bbox 790 705 1031 765; x_wconf 81' lang='lat' dir='ltr'>deletaseobortes,</span> 
     </span>
     <span class='ocr_line' id='line_1_10' title="bbox 112 775 1034 853; baseline -0.011 -18"><span class='ocrx_word' id='word_1_57' title='bbox 112 782 216 853; x_wconf 87' lang='lat' dir='ltr'>pulsum</span> <span class='ocrx_word' id='word_1_58' title='bbox 230 784 386 837; x_wconf 84' lang='lat' dir='ltr'>Batavorum</span> <span class='ocrx_word' id='word_1_59' title='bbox 398 784 481 836; x_wconf 76' lang='lat' dir='ltr'>intuli</span> <span class='ocrx_word' id='word_1_60' title='bbox 491 786 638 837; x_wconf 69' lang='lat' dir='ltr'>Romarm</span> <span class='ocrx_word' id='word_1_61' title='bbox 646 802 776 853; x_wconf 81' lang='lat' dir='ltr'>uomens,</span> <span class='ocrx_word' id='word_1_62' title='bbox 790 784 884 852; x_wconf 87' lang='lat' dir='ltr'>trepidi</span> <span class='ocrx_word' id='word_1_63' title='bbox 891 778 977 831; x_wconf 82' lang='lat' dir='ltr'>nuntii</span> <span class='ocrx_word' id='word_1_64' title='bbox 989 775 1034 825; x_wconf 78' lang='lat' dir='ltr'>ai-</span> 
     </span>
     <span class='ocr_line' id='line_1_11' title="bbox 113 854 1033 926; baseline -0.007 -16"><span class='ocrx_word' id='word_1_65' title='bbox 113 859 244 924; x_wconf 69' lang='lat' dir='ltr'>terebant,</span> <span class='ocrx_word' id='word_1_66' title='bbox 259 859 415 908; x_wconf 85' lang='lat' dir='ltr'>Mummium</span> <span class='ocrx_word' id='word_1_67' title='bbox 433 860 592 926; x_wconf 85' lang='lat' dir='ltr'>Lupercum,</span> <span class='ocrx_word' id='word_1_68' title='bbox 609 859 720 926; x_wconf 86' lang='lat' dir='ltr'>legatum</span> <span class='ocrx_word' id='word_1_69' title='bbox 734 858 767 926; x_wconf 81' lang='lat' dir='ltr'>(is</span> <span class='ocrx_word' id='word_1_70' title='bbox 778 858 886 908; x_wconf 89' lang='lat' dir='ltr'>duarum</span> <span class='ocrx_word' id='word_1_71' title='bbox 894 854 1033 919; x_wconf 74' lang='lat' dir='ltr'>legionum</span> 
     </span>
     <span class='ocr_line' id='line_1_12' title="bbox 114 918 1034 1001; baseline -0.011 -20"><span class='ocrx_word' id='word_1_72' title='bbox 114 929 228 997; x_wconf 78' lang='lat' dir='ltr'>bibernis</span> <span class='ocrx_word' id='word_1_73' title='bbox 243 928 371 998; x_wconf 80' lang='lat' dir='ltr'>preerat),</span> <span class='ocrx_word' id='word_1_74' title='bbox 389 934 482 1001; x_wconf 78' lang='lat' dir='ltr'>egredi</span> <span class='ocrx_word' id='word_1_75' title='bbox 492 933 619 986; x_wconf 82' lang='lat' dir='ltr'>adversus</span> <span class='ocrx_word' id='word_1_76' title='bbox 630 933 733 984; x_wconf 82' lang='lat' dir='ltr'>bostem</span> <span class='ocrx_word' id='word_1_77' title='bbox 747 930 826 993; x_wconf 80' lang='lat' dir='ltr'>jubes.</span> <span class='ocrx_word' id='word_1_78' title='bbox 839 918 973 995; x_wconf 82' lang='lat' dir='ltr'>Lupercus</span> <span class='ocrx_word' id='word_1_79' title='bbox 992 924 1034 972; x_wconf 89' lang='lat' dir='ltr'>le·</span> 
     </span>
     <span class='ocr_line' id='line_1_13' title="bbox 116 999 1033 1072; baseline -0.007 -19"><span class='ocrx_word' id='word_1_80' title='bbox 116 1005 268 1070; x_wconf 63' lang='lat' dir='ltr'>gionariose</span> <span class='ocrx_word' id='word_1_81' title='bbox 278 1005 460 1072; x_wconf 84' lang='lat' dir='ltr'>praesentibus,</span> <span class='ocrx_word' id='word_1_82' title='bbox 472 1005 578 1057; x_wconf 73' lang='lat' dir='ltr'>Ubiose</span> <span class='ocrx_word' id='word_1_83' title='bbox 591 1006 729 1072; x_wconf 77' lang='lat' dir='ltr'>proximis,</span> <span class='ocrx_word' id='word_1_84' title='bbox 745 1005 916 1054; x_wconf 84' lang='lat' dir='ltr'>Treverorum</span> <span class='ocrx_word' id='word_1_85' title='bbox 929 999 1033 1065; x_wconf 84' lang='lat' dir='ltr'>equites</span> 
     </span>
     <span class='ocr_line' id='line_1_14' title="bbox 113 1071 1032 1147; baseline -0.01 -15"><span class='ocrx_word' id='word_1_86' title='bbox 113 1079 184 1132; x_wconf 87' lang='lat' dir='ltr'>bsud</span> <span class='ocrx_word' id='word_1_87' title='bbox 199 1080 403 1147; x_wconf 71' lang='lat' dir='ltr'>lougingeutes,</span> <span class='ocrx_word' id='word_1_88' title='bbox 421 1078 515 1146; x_wconf 88' lang='lat' dir='ltr'>raptim</span> <span class='ocrx_word' id='word_1_89' title='bbox 534 1082 688 1142; x_wconf 86' lang='lat' dir='ltr'>transmisit,</span> <span class='ocrx_word' id='word_1_90' title='bbox 704 1080 791 1132; x_wconf 74' lang='lat' dir='ltr'>addire</span> <span class='ocrx_word' id='word_1_91' title='bbox 805 1080 960 1128; x_wconf 83' lang='lat' dir='ltr'>Batavorum</span> <span class='ocrx_word' id='word_1_92' title='bbox 972 1071 1032 1133; x_wconf 70' lang='lat' dir='ltr'>ala,</span> 
     </span>
     <span class='ocr_line' id='line_1_15' title="bbox 114 1145 1032 1223; baseline -0.012 -19"><span class='ocrx_word' id='word_1_93' title='bbox 114 1154 228 1223; x_wconf 73' lang='lat' dir='ltr'>quaejam</span> <span class='ocrx_word' id='word_1_94' title='bbox 238 1153 340 1221; x_wconf 81' lang='lat' dir='ltr'>pridem</span> <span class='ocrx_word' id='word_1_95' title='bbox 350 1165 483 1220; x_wconf 88' lang='lat' dir='ltr'>corrupta,</span> <span class='ocrx_word' id='word_1_96' title='bbox 498 1152 576 1204; x_wconf 84' lang='lat' dir='ltr'>iidem</span> <span class='ocrx_word' id='word_1_97' title='bbox 583 1155 733 1215; x_wconf 75' lang='lat' dir='ltr'>simulabit,</span> <span class='ocrx_word' id='word_1_98' title='bbox 745 1165 789 1213; x_wconf 86' lang='lat' dir='ltr'>ut,</span> <span class='ocrx_word' id='word_1_99' title='bbox 805 1150 915 1218; x_wconf 82' lang='lat' dir='ltr'>preditis</span> <span class='ocrx_word' id='word_1_100' title='bbox 927 1149 956 1197; x_wconf 90' lang='lat' dir='ltr'>iu</span> <span class='ocrx_word' id='word_1_101' title='bbox 975 1145 1032 1211; x_wconf 72' lang='lat' dir='ltr'>ipsi</span> 
     </span>
    </p>

    <p class='ocr_par' dir='ltr' id='par_1_4' title="bbox 74 1219 1036 1952">
     <span class='ocr_line' id='line_1_16' title="bbox 74 1219 1035 1295; baseline -0.017 -11"><span class='ocrx_word' id='word_1_102' title='bbox 74 1266 77 1273; x_wconf 80' lang='lat'>,</span> <span class='ocrx_word' id='word_1_103' title='bbox 115 1231 170 1283; x_wconf 86' lang='lat' dir='ltr'>scie</span> <span class='ocrx_word' id='word_1_104' title='bbox 186 1228 321 1286; x_wconf 83' lang='lat' dir='ltr'>Romanis,</span> <span class='ocrx_word' id='word_1_105' title='bbox 337 1226 433 1291; x_wconf 78' lang='lat' dir='ltr'>majore</span> <span class='ocrx_word' id='word_1_106' title='bbox 450 1229 532 1295; x_wconf 88' lang='lat' dir='ltr'>pretio</span> <span class='ocrx_word' id='word_1_107' title='bbox 548 1227 657 1294; x_wconf 81' lang='lat' dir='ltr'>fugeret.</span> <span class='ocrx_word' id='word_1_108' title='bbox 674 1228 775 1286; x_wconf 73' lang='lat' dir='ltr'>Civilis,</span> <span class='ocrx_word' id='word_1_109' title='bbox 792 1219 1035 1293; x_wconf 59' lang='lat' dir='ltr'>captarumeobore</span> 
     </span>
     <span class='ocr_line' id='line_1_17' title="bbox 115 1294 1031 1368; baseline -0.013 -15"><span class='ocrx_word' id='word_1_110' title='bbox 115 1304 183 1354; x_wconf 87' lang='lat' dir='ltr'>tium</span> <span class='ocrx_word' id='word_1_111' title='bbox 195 1302 273 1368; x_wconf 87' lang='lat' dir='ltr'>signis</span> <span class='ocrx_word' id='word_1_112' title='bbox 284 1300 471 1361; x_wconf 89' lang='lat' dir='ltr'>circumdatus,</span> <span class='ocrx_word' id='word_1_113' title='bbox 482 1313 510 1350; x_wconf 88' lang='lat' dir='ltr'>ut</span> <span class='ocrx_word' id='word_1_114' title='bbox 519 1318 566 1351; x_wconf 90' lang='lat' dir='ltr'>suo</span> <span class='ocrx_word' id='word_1_115' title='bbox 576 1301 654 1351; x_wconf 89' lang='lat' dir='ltr'>militi</span> <span class='ocrx_word' id='word_1_116' title='bbox 661 1316 750 1351; x_wconf 86' lang='lat' dir='ltr'>recens</span> <span class='ocrx_word' id='word_1_117' title='bbox 760 1301 840 1366; x_wconf 82' lang='lat' dir='ltr'>gloria</span> <span class='ocrx_word' id='word_1_118' title='bbox 854 1310 912 1348; x_wconf 85' lang='lat' dir='ltr'>ants</span> <span class='ocrx_word' id='word_1_119' title='bbox 922 1294 1016 1344; x_wconf 88' lang='lat' dir='ltr'>oculos</span> <span class='ocrx_word' id='word_1_120' title='bbox 1022 1324 1031 1351; x_wconf 85' lang='lat'>,</span> 
     </span>
     <span class='ocr_line' id='line_1_18' title="bbox 115 1375 1030 1436; baseline -0.008 -9"><span class='ocrx_word' id='word_1_121' title='bbox 115 1387 143 1427; x_wconf 81' lang='lat' dir='ltr'>et</span> <span class='ocrx_word' id='word_1_122' title='bbox 153 1375 239 1429; x_wconf 86' lang='lat' dir='ltr'>hostes</span> <span class='ocrx_word' id='word_1_123' title='bbox 249 1375 372 1427; x_wconf 69' lang='lat' dir='ltr'>memorii</span> <span class='ocrx_word' id='word_1_124' title='bbox 382 1375 462 1427; x_wconf 89' lang='lat' dir='ltr'>cladis</span> <span class='ocrx_word' id='word_1_125' title='bbox 472 1380 642 1436; x_wconf 85' lang='lat' dir='ltr'>terrerentur,</span> <span class='ocrx_word' id='word_1_126' title='bbox 654 1387 762 1425; x_wconf 84' lang='lat' dir='ltr'>matrem</span> <span class='ocrx_word' id='word_1_127' title='bbox 777 1390 849 1424; x_wconf 88' lang='lat' dir='ltr'>suam</span> <span class='ocrx_word' id='word_1_128' title='bbox 860 1384 1030 1433; x_wconf 86' lang='lat' dir='ltr'>sororesque,</span> 
     </span>
     <span class='ocr_line' id='line_1_19' title="bbox 115 1443 1031 1516; baseline -0.01 -16"><span class='ocrx_word' id='word_1_129' title='bbox 115 1450 192 1500; x_wconf 77' lang='lat' dir='ltr'>timul</span> <span class='ocrx_word' id='word_1_130' title='bbox 210 1448 327 1499; x_wconf 86' lang='lat' dir='ltr'>omnium</span> <span class='ocrx_word' id='word_1_131' title='bbox 344 1448 463 1515; x_wconf 84' lang='lat' dir='ltr'>conjuges</span> <span class='ocrx_word' id='word_1_132' title='bbox 481 1465 624 1516; x_wconf 83' lang='lat' dir='ltr'>parvosque</span> <span class='ocrx_word' id='word_1_133' title='bbox 638 1449 747 1509; x_wconf 89' lang='lat' dir='ltr'>liberos,</span> <span class='ocrx_word' id='word_1_134' title='bbox 767 1447 906 1496; x_wconf 71' lang='lat' dir='ltr'>consistere</span> <span class='ocrx_word' id='word_1_135' title='bbox 923 1443 939 1492; x_wconf 74' lang='lat' dir='ltr'>i</span> <span class='ocrx_word' id='word_1_136' title='bbox 957 1455 1031 1509; x_wconf 82' lang='lat' dir='ltr'>tergo</span> 
     </span>
     <span class='ocr_line' id='line_1_20' title="bbox 115 1518 1030 1590; baseline -0.005 -17"><span class='ocrx_word' id='word_1_137' title='bbox 115 1522 199 1589; x_wconf 77' lang='lat' dir='ltr'>jubel5</span> <span class='ocrx_word' id='word_1_138' title='bbox 220 1521 384 1572; x_wconf 84' lang='lat' dir='ltr'>hortamenta</span> <span class='ocrx_word' id='word_1_139' title='bbox 403 1521 528 1583; x_wconf 76' lang='lat' dir='ltr'>victoriae,</span> <span class='ocrx_word' id='word_1_140' title='bbox 547 1525 591 1572; x_wconf 83' lang='lat' dir='ltr'>vel</span> <span class='ocrx_word' id='word_1_141' title='bbox 606 1523 687 1588; x_wconf 86' lang='lat' dir='ltr'>pulsis</span> <span class='ocrx_word' id='word_1_142' title='bbox 705 1522 841 1590; x_wconf 82' lang='lat' dir='ltr'>pudorem.</span> <span class='ocrx_word' id='word_1_143' title='bbox 859 1520 896 1568; x_wconf 85' lang='lat' dir='ltr'>Ut</span> <span class='ocrx_word' id='word_1_144' title='bbox 911 1518 1030 1568; x_wconf 77' lang='lat' dir='ltr'>virorum</span> 
     </span>
     <span class='ocr_line' id='line_1_21' title="bbox 115 1591 1030 1659; baseline -0.01 -9"><span class='ocrx_word' id='word_1_145' title='bbox 115 1610 191 1650; x_wconf 86' lang='lat' dir='ltr'>cantu</span> <span class='ocrx_word' id='word_1_146' title='bbox 198 1630 211 1657; x_wconf 76' lang='lat' dir='ltr'>r</span> <span class='ocrx_word' id='word_1_147' title='bbox 219 1597 369 1651; x_wconf 81' lang='lat' dir='ltr'>feminarum</span> <span class='ocrx_word' id='word_1_148' title='bbox 379 1595 492 1653; x_wconf 77' lang='lat' dir='ltr'>ulutatu,</span> <span class='ocrx_word' id='word_1_149' title='bbox 503 1597 591 1643; x_wconf 87' lang='lat' dir='ltr'>sonuit</span> <span class='ocrx_word' id='word_1_150' title='bbox 598 1595 682 1658; x_wconf 85' lang='lat' dir='ltr'>acies,</span> <span class='ocrx_word' id='word_1_151' title='bbox 693 1610 852 1659; x_wconf 78' lang='lat' dir='ltr'>nequaquam</span> <span class='ocrx_word' id='word_1_152' title='bbox 862 1610 907 1658; x_wconf 91' lang='lat' dir='ltr'>par</span> <span class='ocrx_word' id='word_1_153' title='bbox 920 1591 1030 1659; x_wconf 78' lang='lat' dir='ltr'>ilegio-</span> 
     </span>
     <span class='ocr_line' id='line_1_22' title="bbox 115 1663 1033 1734; baseline -0.009 -11"><span class='ocrx_word' id='word_1_154' title='bbox 115 1673 206 1734; x_wconf 84' lang='lat' dir='ltr'>tribus,</span> <span class='ocrx_word' id='word_1_155' title='bbox 231 1670 426 1732; x_wconf 73' lang='lat' dir='ltr'>cohortibusque</span> <span class='ocrx_word' id='word_1_156' title='bbox 449 1663 565 1714; x_wconf 80' lang='lat' dir='ltr'>redditur</span> <span class='ocrx_word' id='word_1_157' title='bbox 588 1664 692 1714; x_wconf 88' lang='lat' dir='ltr'>clamor.</span> <span class='ocrx_word' id='word_1_158' title='bbox 717 1666 865 1715; x_wconf 81' lang='lat' dir='ltr'>Nudarerat</span> <span class='ocrx_word' id='word_1_159' title='bbox 888 1667 1033 1715; x_wconf 84' lang='lat' dir='ltr'>sinistrum</span> 
     </span>
     <span class='ocr_line' id='line_1_23' title="bbox 115 1736 1036 1805; baseline -0.011 -8"><span class='ocrx_word' id='word_1_160' title='bbox 115 1760 196 1797; x_wconf 80' lang='lat' dir='ltr'>cornu</span> <span class='ocrx_word' id='word_1_161' title='bbox 208 1746 361 1796; x_wconf 75' lang='lat' dir='ltr'>batavorum</span> <span class='ocrx_word' id='word_1_162' title='bbox 376 1741 415 1790; x_wconf 83' lang='lat' dir='ltr'>aia</span> <span class='ocrx_word' id='word_1_163' title='bbox 429 1736 607 1805; x_wconf 64' lang='lat' dir='ltr'>transfugiens,</span> <span class='ocrx_word' id='word_1_164' title='bbox 624 1737 758 1802; x_wconf 88' lang='lat' dir='ltr'>statimque</span> <span class='ocrx_word' id='word_1_165' title='bbox 773 1739 799 1785; x_wconf 93' lang='lat' dir='ltr'>in</span> <span class='ocrx_word' id='word_1_166' title='bbox 814 1746 862 1787; x_wconf 77' lang='lat' dir='ltr'>nos</span> <span class='ocrx_word' id='word_1_167' title='bbox 876 1754 950 1787; x_wconf 83' lang='lat' dir='ltr'>versa</span> <span class='ocrx_word' id='word_1_168' title='bbox 965 1737 1036 1788; x_wconf 87' lang='lat' dir='ltr'>:sed</span> 
     </span>
     <span class='ocr_line' id='line_1_24' title="bbox 115 1809 1034 1886; baseline -0.008 -17"><span class='ocrx_word' id='word_1_169' title='bbox 115 1820 272 1886; x_wconf 86' lang='lat' dir='ltr'>legionarius</span> <span class='ocrx_word' id='word_1_170' title='bbox 287 1819 373 1876; x_wconf 88' lang='lat' dir='ltr'>miles,</span> <span class='ocrx_word' id='word_1_171' title='bbox 394 1828 538 1883; x_wconf 82' lang='lat' dir='ltr'>quanquam</span> <span class='ocrx_word' id='word_1_172' title='bbox 555 1812 631 1861; x_wconf 87' lang='lat' dir='ltr'>rebus</span> <span class='ocrx_word' id='word_1_173' title='bbox 648 1809 770 1877; x_wconf 74' lang='lat' dir='ltr'>trepidis,</span> <span class='ocrx_word' id='word_1_174' title='bbox 785 1827 855 1867; x_wconf 83' lang='lat' dir='ltr'>arma</span> <span class='ocrx_word' id='word_1_175' title='bbox 871 1809 1034 1876; x_wconf 79' lang='lat' dir='ltr'>ordinesque</span> 
     </span>
     <span class='ocr_line' id='line_1_25' title="bbox 117 1883 1030 1952; baseline -0.011 -7"><span class='ocrx_word' id='word_1_176' title='bbox 117 1895 253 1944; x_wconf 75' lang='lat' dir='ltr'>retinebit.</span> <span class='ocrx_word' id='word_1_177' title='bbox 264 1894 394 1944; x_wconf 89' lang='lat' dir='ltr'>Ubiorum</span> <span class='ocrx_word' id='word_1_178' title='bbox 404 1891 624 1952; x_wconf 87' lang='lat' dir='ltr'>Treverorumque</span> <span class='ocrx_word' id='word_1_179' title='bbox 634 1885 743 1944; x_wconf 71' lang='lat' dir='ltr'>auxilia,</span> <span class='ocrx_word' id='word_1_180' title='bbox 755 1884 819 1934; x_wconf 74' lang='lat' dir='ltr'>teda</span> <span class='ocrx_word' id='word_1_181' title='bbox 828 1884 886 1950; x_wconf 73' lang='lat' dir='ltr'>iugi</span> <span class='ocrx_word' id='word_1_182' title='bbox 898 1883 1030 1951; x_wconf 79' lang='lat' dir='ltr'>dispens,</span> 
     </span>
    </p>
   </div>
   <div class='ocr_carea' id='block_1_3' title="bbox 35 1958 1030 2177">
    <p class='ocr_par' dir='ltr' id='par_1_5' title="bbox 35 1958 1030 2177">
     <span class='ocr_line' id='line_1_26' title="bbox 116 1958 1029 2037; baseline -0.013 -17"><span class='ocrx_word' id='word_1_183' title='bbox 116 1971 181 2037; x_wconf 80' lang='lat' dir='ltr'>lotis</span> <span class='ocrx_word' id='word_1_184' title='bbox 189 1970 286 2036; x_wconf 88' lang='lat' dir='ltr'>campis</span> <span class='ocrx_word' id='word_1_185' title='bbox 297 1969 426 2034; x_wconf 85' lang='lat' dir='ltr'>palantur.</span> <span class='ocrx_word' id='word_1_186' title='bbox 444 1965 510 2015; x_wconf 89' lang='lat' dir='ltr'>Illuc</span> <span class='ocrx_word' id='word_1_187' title='bbox 525 1960 664 2012; x_wconf 73' lang='lat' dir='ltr'>incubuere</span> <span class='ocrx_word' id='word_1_188' title='bbox 678 1960 809 2009; x_wconf 86' lang='lat' dir='ltr'>Germani.</span> <span class='ocrx_word' id='word_1_189' title='bbox 822 1959 856 2009; x_wconf 85' lang='lat' dir='ltr'>Et</span> <span class='ocrx_word' id='word_1_190' title='bbox 866 1958 1029 2008; x_wconf 67' lang='lat' dir='ltr'>initiareris</span> 
     </span>
     <span class='ocr_line' id='line_1_27' title="bbox 35 2034 1030 2112; baseline -0.013 -17"><span class='ocrx_word' id='word_1_191' title='bbox 35 2061 44 2073; x_wconf 74' lang='grc'>·’</span> <span class='ocrx_word' id='word_1_192' title='bbox 116 2043 239 2112; x_wconf 76' lang='lat' dir='ltr'>effugium</span> <span class='ocrx_word' id='word_1_193' title='bbox 250 2043 395 2108; x_wconf 74' lang='lat' dir='ltr'>legionibus</span> <span class='ocrx_word' id='word_1_194' title='bbox 406 2043 431 2090; x_wconf 90' lang='lat' dir='ltr'>in</span> <span class='ocrx_word' id='word_1_195' title='bbox 446 2050 539 2098; x_wconf 75' lang='lat' dir='ltr'>castra,</span> <span class='ocrx_word' id='word_1_196' title='bbox 553 2037 645 2103; x_wconf 86' lang='lat' dir='ltr'>quibus</span> <span class='ocrx_word' id='word_1_197' title='bbox 658 2040 786 2089; x_wconf 82' lang='lat' dir='ltr'>Veterum</span> <span class='ocrx_word' id='word_1_198' title='bbox 801 2050 894 2084; x_wconf 89' lang='lat' dir='ltr'>nomeu</span> <span class='ocrx_word' id='word_1_199' title='bbox 904 2044 953 2083; x_wconf 88' lang='lat' dir='ltr'>est.</span> <span class='ocrx_word' id='word_1_200' title='bbox 964 2034 1030 2083; x_wconf 72' lang='lat' dir='ltr'>Pre-</span> 
     </span>
     <span class='ocr_line' id='line_1_28' title="bbox 114 2108 1028 2177; baseline -0.012 -11"><span class='ocrx_word' id='word_1_201' title='bbox 114 2117 196 2168; x_wconf 77' lang='lat' dir='ltr'>fectus</span> <span class='ocrx_word' id='word_1_202' title='bbox 205 2120 248 2169; x_wconf 78' lang='lat' dir='ltr'>ala</span> <span class='ocrx_word' id='word_1_203' title='bbox 255 2118 419 2174; x_wconf 79' lang='lat' dir='ltr'>Batavorum,</span> <span class='ocrx_word' id='word_1_204' title='bbox 431 2115 555 2163; x_wconf 85' lang='lat' dir='ltr'>Claudius</span> <span class='ocrx_word' id='word_1_205' title='bbox 563 2112 660 2173; x_wconf 70' lang='lat' dir='ltr'>L&#39;abeo,</span> <span class='ocrx_word' id='word_1_206' title='bbox 669 2109 799 2177; x_wconf 88' lang='lat' dir='ltr'>oppidano</span> <span class='ocrx_word' id='word_1_207' title='bbox 807 2108 946 2158; x_wconf 86' lang='lat' dir='ltr'>certamine</span> <span class='ocrx_word' id='word_1_208' title='bbox 955 2125 1028 2157; x_wconf 70' lang='lat' dir='ltr'>emu-</span> 
     </span>
    </p>
   </div>
   <div class='ocr_carea' id='block_1_4' title="bbox 56 2182 1082 3359">
    <p class='ocr_par' dir='ltr' id='par_1_6' title="bbox 115 2182 1028 2327">
     <span class='ocr_line' id='line_1_29' title="bbox 115 2182 1028 2253; baseline -0.013 -11"><span class='ocrx_word' id='word_1_209' title='bbox 115 2194 156 2242; x_wconf 89' lang='lat' dir='ltr'>lus</span> <span class='ocrx_word' id='word_1_210' title='bbox 166 2191 256 2250; x_wconf 82' lang='lat' dir='ltr'>Civili,</span> <span class='ocrx_word' id='word_1_211' title='bbox 268 2206 298 2249; x_wconf 80' lang='lat' dir='ltr'>pe</span> <span class='ocrx_word' id='word_1_212' title='bbox 312 2187 464 2237; x_wconf 83' lang='lat' dir='ltr'>interiectus</span> <span class='ocrx_word' id='word_1_213' title='bbox 477 2187 601 2237; x_wconf 83' lang='lat' dir='ltr'>invidiam</span> <span class='ocrx_word' id='word_1_214' title='bbox 611 2185 679 2253; x_wconf 91' lang='lat' dir='ltr'>apud</span> <span class='ocrx_word' id='word_1_215' title='bbox 689 2185 824 2252; x_wconf 85' lang='lat' dir='ltr'>populares</span> <span class='ocrx_word' id='word_1_216' title='bbox 830 2220 839 2243; x_wconf 94' lang='lat'>,</span> <span class='ocrx_word' id='word_1_217' title='bbox 848 2183 889 2233; x_wconf 87' lang='lat' dir='ltr'>rel</span> <span class='ocrx_word' id='word_1_218' title='bbox 903 2182 925 2231; x_wconf 86' lang='lat' dir='ltr'>si</span> <span class='ocrx_word' id='word_1_219' title='bbox 933 2183 1028 2231; x_wconf 88' lang='lat' dir='ltr'>retine·</span> 
     </span>
     <span class='ocr_line' id='line_1_30' title="bbox 115 2256 881 2327; baseline -0.013 -12"><span class='ocrx_word' id='word_1_220' title='bbox 115 2276 199 2327; x_wconf 87' lang='lat' dir='ltr'>retur,</span> <span class='ocrx_word' id='word_1_221' title='bbox 212 2263 306 2312; x_wconf 83' lang='lat' dir='ltr'>semina</span> <span class='ocrx_word' id='word_1_222' title='bbox 316 2256 452 2308; x_wconf 83' lang='lat' dir='ltr'>discordiae</span> <span class='ocrx_word' id='word_1_223' title='bbox 460 2260 599 2326; x_wconf 75' lang='lat' dir='ltr'>preberet,</span> <span class='ocrx_word' id='word_1_224' title='bbox 611 2260 638 2307; x_wconf 88' lang='lat' dir='ltr'>in</span> <span class='ocrx_word' id='word_1_225' title='bbox 647 2258 744 2309; x_wconf 83' lang='lat' dir='ltr'>Frisios</span> <span class='ocrx_word' id='word_1_226' title='bbox 755 2256 881 2307; x_wconf 82' lang='lat' dir='ltr'>avehitur.</span> 
     </span>
    </p>

    <p class='ocr_par' dir='ltr' id='par_1_7' title="bbox 115 2326 1026 2918">
     <span class='ocr_line' id='line_1_31' title="bbox 147 2326 1026 2395; baseline -0.007 -10"><span class='ocrx_word' id='word_1_227' title='bbox 147 2336 219 2386; x_wconf 81' lang='lat' dir='ltr'>XIX.</span> <span class='ocrx_word' id='word_1_228' title='bbox 238 2330 330 2379; x_wconf 88' lang='lat' dir='ltr'>Iisdem</span> <span class='ocrx_word' id='word_1_229' title='bbox 348 2329 455 2395; x_wconf 89' lang='lat' dir='ltr'>diebus,</span> <span class='ocrx_word' id='word_1_230' title='bbox 475 2326 631 2382; x_wconf 78' lang='lat' dir='ltr'>Bata&#39;rmum</span> <span class='ocrx_word' id='word_1_231' title='bbox 648 2343 674 2380; x_wconf 89' lang='lat' dir='ltr'>et</span> <span class='ocrx_word' id='word_1_232' title='bbox 693 2331 880 2380; x_wconf 83' lang='lat' dir='ltr'>Cauiuefatium</span> <span class='ocrx_word' id='word_1_233' title='bbox 897 2329 1026 2388; x_wconf 73' lang='lat' dir='ltr'>cohorter,</span> 
     </span>
     <span class='ocr_line' id='line_1_32' title="bbox 115 2403 1026 2476; baseline -0.005 -20"><span class='ocrx_word' id='word_1_234' title='bbox 115 2424 193 2476; x_wconf 86' lang='lat' dir='ltr'>quum</span> <span class='ocrx_word' id='word_1_235' title='bbox 207 2405 278 2467; x_wconf 85' lang='lat' dir='ltr'>iussu</span> <span class='ocrx_word' id='word_1_236' title='bbox 286 2403 387 2455; x_wconf 83' lang='lat' dir='ltr'>Vitellii</span> <span class='ocrx_word' id='word_1_237' title='bbox 398 2406 425 2453; x_wconf 90' lang='lat' dir='ltr'>in</span> <span class='ocrx_word' id='word_1_238' title='bbox 435 2404 527 2453; x_wconf 90' lang='lat' dir='ltr'>urbem</span> <span class='ocrx_word' id='word_1_239' title='bbox 536 2415 686 2470; x_wconf 83' lang='lat' dir='ltr'>pergerent,</span> <span class='ocrx_word' id='word_1_240' title='bbox 700 2405 792 2452; x_wconf 89' lang='lat' dir='ltr'>missus</span> <span class='ocrx_word' id='word_1_241' title='bbox 803 2404 818 2452; x_wconf 80' lang='lat' dir='ltr'>ir</span> <span class='ocrx_word' id='word_1_242' title='bbox 830 2405 914 2456; x_wconf 78' lang='lat' dir='ltr'>etrite</span> <span class='ocrx_word' id='word_1_243' title='bbox 925 2405 1026 2454; x_wconf 85' lang='lat' dir='ltr'>nuntios</span> 
     </span>
     <span class='ocr_line' id='line_1_33' title="bbox 115 2475 1025 2545; baseline -0.007 -12"><span class='ocrx_word' id='word_1_244' title='bbox 115 2479 271 2545; x_wconf 83' lang='lat' dir='ltr'>adsequitur.</span> <span class='ocrx_word' id='word_1_245' title='bbox 282 2475 430 2526; x_wconf 75' lang='lat' dir='ltr'>Intumudrs</span> <span class='ocrx_word' id='word_1_246' title='bbox 443 2477 527 2526; x_wconf 87' lang='lat' dir='ltr'>statim</span> <span class='ocrx_word' id='word_1_247' title='bbox 542 2476 662 2542; x_wconf 74' lang='lat' dir='ltr'>superbii</span> <span class='ocrx_word' id='word_1_248' title='bbox 681 2475 843 2541; x_wconf 72' lang='lat' dir='ltr'>seroci‘ique,</span> <span class='ocrx_word' id='word_1_249' title='bbox 854 2491 882 2528; x_wconf 89' lang='lat' dir='ltr'>et</span> <span class='ocrx_word' id='word_1_250' title='bbox 901 2479 1025 2545; x_wconf 70' lang='lat' dir='ltr'>«pretium</span> 
     </span>
     <span class='ocr_line' id='line_1_34' title="bbox 115 2549 1024 2620; baseline -0.009 -12"><span class='ocrx_word' id='word_1_251' title='bbox 115 2556 211 2609; x_wconf 85' lang='lat' dir='ltr'>itineris</span> <span class='ocrx_word' id='word_1_252' title='bbox 222 2592 229 2615; x_wconf 91' lang='lat'>,</span> <span class='ocrx_word' id='word_1_253' title='bbox 239 2552 403 2614; x_wconf 79' lang='lat' dir='ltr'>donativum,</span> <span class='ocrx_word' id='word_1_254' title='bbox 416 2549 514 2617; x_wconf 85' lang='lat' dir='ltr'>duplex</span> <span class='ocrx_word' id='word_1_255' title='bbox 526 2549 683 2617; x_wconf 86' lang='lat' dir='ltr'>stipendium</span> <span class='ocrx_word' id='word_1_256' title='bbox 695 2587 702 2609; x_wconf 91' lang='lat'><strong><em>‚</em></strong></span> <span class='ocrx_word' id='word_1_257' title='bbox 713 2552 803 2617; x_wconf 86' lang='lat' dir='ltr'>augeri</span> <span class='ocrx_word' id='word_1_258' title='bbox 812 2554 929 2620; x_wconf 86' lang='lat' dir='ltr'>equitum</span> <span class='ocrx_word' id='word_1_259' title='bbox 938 2567 1024 2602; x_wconf 88' lang='lat' dir='ltr'>nume·</span> 
     </span>
     <span class='ocr_line' id='line_1_35' title="bbox 115 2625 1024 2698; baseline -0.009 -15"><span class='ocrx_word' id='word_1_260' title='bbox 115 2651 173 2684; x_wconf 91' lang='lat' dir='ltr'>rum</span> <span class='ocrx_word' id='word_1_261' title='bbox 181 2648 213 2698; x_wconf 81' lang='lat' dir='ltr'>n,</span> <span class='ocrx_word' id='word_1_262' title='bbox 226 2629 350 2695; x_wconf 83' lang='lat' dir='ltr'>promissa</span> <span class='ocrx_word' id='word_1_263' title='bbox 360 2626 442 2677; x_wconf 74' lang='lat' dir='ltr'>ranei</span> <span class='ocrx_word' id='word_1_264' title='bbox 454 2625 577 2683; x_wconf 84' lang='lat' dir='ltr'>Vitellio,</span> <span class='ocrx_word' id='word_1_265' title='bbox 589 2625 768 2691; x_wconf 83' lang='lat' dir='ltr'>postulabant,</span> <span class='ocrx_word' id='word_1_266' title='bbox 784 2644 852 2686; x_wconf 87' lang='lat' dir='ltr'>non,</span> <span class='ocrx_word' id='word_1_267' title='bbox 864 2639 893 2677; x_wconf 90' lang='lat' dir='ltr'>ut</span> <span class='ocrx_word' id='word_1_268' title='bbox 905 2626 1024 2692; x_wconf 70' lang='lat' dir='ltr'>adseque-</span> 
     </span>
     <span class='ocr_line' id='line_1_36' title="bbox 116 2699 1024 2765; baseline -0.012 -6"><span class='ocrx_word' id='word_1_269' title='bbox 116 2720 218 2765; x_wconf 84' lang='lat' dir='ltr'>rentur,</span> <span class='ocrx_word' id='word_1_270' title='bbox 229 2705 274 2756; x_wconf 87' lang='lat' dir='ltr'>sed</span> <span class='ocrx_word' id='word_1_271' title='bbox 281 2719 382 2752; x_wconf 84' lang='lat' dir='ltr'>causam</span> <span class='ocrx_word' id='word_1_272' title='bbox 392 2701 520 2752; x_wconf 87' lang='lat' dir='ltr'>seditioni.</span> <span class='ocrx_word' id='word_1_273' title='bbox 530 2700 563 2750; x_wconf 84' lang='lat' dir='ltr'>Et</span> <span class='ocrx_word' id='word_1_274' title='bbox 570 2700 676 2750; x_wconf 84' lang='lat' dir='ltr'>Flaccus</span> <span class='ocrx_word' id='word_1_275' title='bbox 684 2701 766 2751; x_wconf 86' lang='lat' dir='ltr'>multa</span> <span class='ocrx_word' id='word_1_276' title='bbox 776 2700 938 2752; x_wconf 87' lang='lat' dir='ltr'>concedendo</span> <span class='ocrx_word' id='word_1_277' title='bbox 946 2736 954 2759; x_wconf 91' lang='lat'><em>‚</em></span> <span class='ocrx_word' id='word_1_278' title='bbox 963 2699 1024 2749; x_wconf 89' lang='lat' dir='ltr'>nibil</span> 
     </span>
     <span class='ocr_line' id='line_1_37' title="bbox 117 2774 1024 2843; baseline -0.006 -15"><span class='ocrx_word' id='word_1_279' title='bbox 117 2776 188 2829; x_wconf 88' lang='lat' dir='ltr'>aliud</span> <span class='ocrx_word' id='word_1_280' title='bbox 199 2778 324 2838; x_wconf 82' lang='lat' dir='ltr'>effecerat,</span> <span class='ocrx_word' id='word_1_281' title='bbox 334 2776 409 2843; x_wconf 77' lang='lat' dir='ltr'>quim</span> <span class='ocrx_word' id='word_1_282' title='bbox 418 2788 446 2827; x_wconf 92' lang='lat' dir='ltr'>ut</span> <span class='ocrx_word' id='word_1_283' title='bbox 457 2774 539 2826; x_wconf 86' lang='lat' dir='ltr'>acriirs</span> <span class='ocrx_word' id='word_1_284' title='bbox 550 2786 724 2840; x_wconf 82' lang='lat' dir='ltr'>exposcerent,</span> <span class='ocrx_word' id='word_1_285' title='bbox 734 2792 788 2840; x_wconf 74' lang='lat' dir='ltr'>qnae</span> <span class='ocrx_word' id='word_1_286' title='bbox 796 2775 908 2825; x_wconf 85' lang='lat' dir='ltr'>sciebant</span> <span class='ocrx_word' id='word_1_287' title='bbox 917 2786 1024 2837; x_wconf 79' lang='lat' dir='ltr'>negatu-</span> 
     </span>
     <span class='ocr_line' id='line_1_38' title="bbox 117 2846 1023 2918; baseline -0.007 -16"><span class='ocrx_word' id='word_1_288' title='bbox 117 2870 186 2902; x_wconf 84' lang='lat' dir='ltr'>rum.</span> <span class='ocrx_word' id='word_1_289' title='bbox 200 2853 293 2918; x_wconf 80' lang='lat' dir='ltr'>Spreto</span> <span class='ocrx_word' id='word_1_290' title='bbox 310 2852 417 2913; x_wconf 83' lang='lat' dir='ltr'>Flacco,</span> <span class='ocrx_word' id='word_1_291' title='bbox 430 2847 574 2899; x_wconf 81' lang='lat' dir='ltr'>inferiorem</span> <span class='ocrx_word' id='word_1_292' title='bbox 586 2847 749 2898; x_wconf 85' lang='lat' dir='ltr'>Germaniam</span> <span class='ocrx_word' id='word_1_293' title='bbox 762 2848 889 2915; x_wconf 71' lang='lat' dir='ltr'>petivere,</span> <span class='ocrx_word' id='word_1_294' title='bbox 905 2856 934 2894; x_wconf 87' lang='lat' dir='ltr'>ut</span> <span class='ocrx_word' id='word_1_295' title='bbox 947 2846 1023 2896; x_wconf 81' lang='lat' dir='ltr'>Civili</span> 
     </span>
    </p>

    <p class='ocr_par' dir='ltr' id='par_1_8' title="bbox 56 2921 1082 3359">
     <span class='ocr_line' id='line_1_39' title="bbox 56 2921 1019 2992; baseline -0.007 -16"><span class='ocrx_word' id='word_1_296' title='bbox 56 2958 57 2961; x_wconf 63' lang='lat'><em>=</em></span> <span class='ocrx_word' id='word_1_297' title='bbox 115 2927 294 2992; x_wconf 85' lang='lat' dir='ltr'>jungerentur.</span> <span class='ocrx_word' id='word_1_298' title='bbox 310 2924 490 2987; x_wconf 88' lang='lat' dir='ltr'>Hordeonius,</span> <span class='ocrx_word' id='word_1_299' title='bbox 505 2923 625 2974; x_wconf 87' lang='lat' dir='ltr'>adhibitis</span> <span class='ocrx_word' id='word_1_300' title='bbox 645 2923 753 2973; x_wconf 90' lang='lat' dir='ltr'>tribunis</span> <span class='ocrx_word' id='word_1_301' title='bbox 771 2921 1019 2987; x_wconf 84' lang='lat' dir='ltr'>centuriouibusque,</span> 
     </span>
     <span class='ocr_line' id='line_1_40' title="bbox 117 2998 1017 3065; baseline -0.004 -16"><span class='ocrx_word' id='word_1_302' title='bbox 117 3001 289 3057; x_wconf 79' lang='lat' dir='ltr'>consultavit,</span> <span class='ocrx_word' id='word_1_303' title='bbox 305 3017 391 3049; x_wconf 79' lang='lat' dir='ltr'>cuum</span> <span class='ocrx_word' id='word_1_304' title='bbox 410 3000 559 3065; x_wconf 88' lang='lat' dir='ltr'>obsequium</span> <span class='ocrx_word' id='word_1_305' title='bbox 572 2999 712 3048; x_wconf 84' lang='lat' dir='ltr'>abnuentes</span> <span class='ocrx_word' id='word_1_306' title='bbox 722 3000 754 3047; x_wconf 86' lang='lat' dir='ltr'>‘ri</span> <span class='ocrx_word' id='word_1_307' title='bbox 770 3008 929 3050; x_wconf 83' lang='lat' dir='ltr'>coerceretu.</span> <span class='ocrx_word' id='word_1_308' title='bbox 946 2998 1017 3054; x_wconf 77' lang='lat' dir='ltr'>Mox,</span> 
     </span>
     <span class='ocr_line' id='line_1_41' title="bbox 116 3072 1017 3140; baseline -0.003 -15"><span class='ocrx_word' id='word_1_309' title='bbox 116 3073 193 3125; x_wconf 73' lang='lat' dir='ltr'>insiti</span> <span class='ocrx_word' id='word_1_310' title='bbox 202 3072 313 3138; x_wconf 73' lang='lat' dir='ltr'>ignarii,</span> <span class='ocrx_word' id='word_1_311' title='bbox 329 3084 356 3122; x_wconf 88' lang='lat' dir='ltr'>et</span> <span class='ocrx_word' id='word_1_312' title='bbox 373 3074 478 3140; x_wconf 90' lang='lat' dir='ltr'>trepidis</span> <span class='ocrx_word' id='word_1_313' title='bbox 491 3075 631 3132; x_wconf 86' lang='lat' dir='ltr'>ministris,</span> <span class='ocrx_word' id='word_1_314' title='bbox 647 3088 712 3139; x_wconf 87' lang='lat' dir='ltr'>ques</span> <span class='ocrx_word' id='word_1_315' title='bbox 725 3073 855 3137; x_wconf 81' lang='lat' dir='ltr'>ambiguus</span> <span class='ocrx_word' id='word_1_316' title='bbox 868 3072 1017 3122; x_wconf 67' lang='lat' dir='ltr'>auxiliorum</span> 
     </span>
     <span class='ocr_line' id='line_1_42' title="bbox 117 3138 1082 3214; baseline -0.006 -17"><span class='ocrx_word' id='word_1_317' title='bbox 117 3149 216 3197; x_wconf 89' lang='lat' dir='ltr'>animus</span> <span class='ocrx_word' id='word_1_318' title='bbox 225 3180 231 3204; x_wconf 91' lang='lat'>,</span> <span class='ocrx_word' id='word_1_319' title='bbox 240 3157 266 3194; x_wconf 87' lang='lat' dir='ltr'>et</span> <span class='ocrx_word' id='word_1_320' title='bbox 277 3143 361 3193; x_wconf 88' lang='lat' dir='ltr'>subito</span> <span class='ocrx_word' id='word_1_321' title='bbox 371 3138 597 3214; x_wconf 75' lang='lat' dir='ltr'>delectnsuppiete</span> <span class='ocrx_word' id='word_1_322' title='bbox 606 3146 717 3210; x_wconf 79' lang='lat' dir='ltr'>legiones</span> <span class='ocrx_word' id='word_1_323' title='bbox 726 3146 861 3211; x_wconf 72' lang='lat' dir='ltr'>angebant,</span> <span class='ocrx_word' id='word_1_324' title='bbox 868 3145 956 3197; x_wconf 83' lang='lat' dir='ltr'>ststuit</span> <span class='ocrx_word' id='word_1_325' title='bbox 963 3161 1016 3194; x_wconf 83' lang='lat' dir='ltr'>con·</span> <span class='ocrx_word' id='word_1_326' title='bbox 1080 3171 1082 3191; x_wconf 66' lang='grc' dir='ltr'>ι</span> 
     </span>
     <span class='ocr_line' id='line_1_43' title="bbox 116 3218 1082 3284; baseline 0.002 -18"><span class='ocrx_word' id='word_1_327' title='bbox 116 3220 197 3266; x_wconf 88' lang='lat' dir='ltr'>tinere</span> <span class='ocrx_word' id='word_1_328' title='bbox 209 3218 276 3267; x_wconf 85' lang='lat' dir='ltr'>intra</span> <span class='ocrx_word' id='word_1_329' title='bbox 289 3227 369 3265; x_wconf 85' lang='lat' dir='ltr'>castra</span> <span class='ocrx_word' id='word_1_330' title='bbox 378 3218 497 3269; x_wconf 84' lang='lat' dir='ltr'>militem.</span> <span class='ocrx_word' id='word_1_331' title='bbox 512 3218 578 3269; x_wconf 89' lang='lat' dir='ltr'>Dein</span> <span class='ocrx_word' id='word_1_332' title='bbox 591 3220 755 3284; x_wconf 73' lang='lat' dir='ltr'>poeniteutii,</span> <span class='ocrx_word' id='word_1_333' title='bbox 766 3230 792 3267; x_wconf 88' lang='lat' dir='ltr'>et</span> <span class='ocrx_word' id='word_1_334' title='bbox 802 3219 965 3283; x_wconf 85' lang='lat' dir='ltr'>arguentibus</span> <span class='ocrx_word' id='word_1_335' title='bbox 977 3220 1014 3283; x_wconf 86' lang='lat' dir='ltr'>ip·</span> <span class='ocrx_word' id='word_1_336' title='bbox 1081 3226 1082 3243; x_wconf 66' lang='lat'>¹</span> 
     </span>
     <span class='ocr_line' id='line_1_44' title="bbox 84 3280 1082 3359; baseline 0.007 -25"><span class='ocrx_word' id='word_1_337' title='bbox 84 3328 104 3345; x_wconf 21' lang='grc' dir='ltr'>ἦ,</span> <span class='ocrx_word' id='word_1_338' title='bbox 117 3290 168 3350; x_wconf 86' lang='lat' dir='ltr'>sis,</span> <span class='ocrx_word' id='word_1_339' title='bbox 180 3287 223 3350; x_wconf 91' lang='lat' dir='ltr'>qui</span> <span class='ocrx_word' id='word_1_340' title='bbox 233 3299 363 3337; x_wconf 79' lang='lat' dir='ltr'>suaserunt</span> <span class='ocrx_word' id='word_1_341' title='bbox 373 3322 381 3344; x_wconf 83' lang='lat'>,</span> <span class='ocrx_word' id='word_1_342' title='bbox 392 3299 512 3353; x_wconf 87' lang='lat' dir='ltr'>tauquam</span> <span class='ocrx_word' id='word_1_343' title='bbox 523 3302 670 3352; x_wconf 87' lang='lat' dir='ltr'>secuturus,</span> <span class='ocrx_word' id='word_1_344' title='bbox 682 3292 783 3359; x_wconf 81' lang='lat' dir='ltr'>scripsit</span> <span class='ocrx_word' id='word_1_345' title='bbox 792 3288 924 3345; x_wconf 81' lang='lat' dir='ltr'>Herennio</span> <span class='ocrx_word' id='word_1_346' title='bbox 934 3292 1011 3351; x_wconf 76' lang='lat' dir='ltr'>cito,</span> <span class='ocrx_word' id='word_1_347' title='bbox 1080 3280 1082 3325; x_wconf 47' lang='grc' dir='ltr'>ι’</span> 
     </span>
    </p>
   </div>
   <div class='ocr_carea' id='block_1_5' title="bbox 111 3356 1081 3441">
    <p class='ocr_par' dir='ltr' id='par_1_9' title="bbox 111 3356 1081 3441">
     <span class='ocr_line' id='line_1_45' title="bbox 111 3356 1081 3441; baseline 0.013 -34"><span class='ocrx_word' id='word_1_348' title='bbox 111 3356 220 3425; x_wconf 76' lang='lat' dir='ltr'>legionis</span> <span class='ocrx_word' id='word_1_349' title='bbox 227 3361 314 3428; x_wconf 77' lang='lat' dir='ltr'>prime</span> <span class='ocrx_word' id='word_1_350' title='bbox 325 3360 422 3433; x_wconf 80' lang='lat' dir='ltr'>legato,</span> <span class='ocrx_word' id='word_1_351' title='bbox 433 3362 477 3429; x_wconf 86' lang='lat' dir='ltr'>qui</span> <span class='ocrx_word' id='word_1_352' title='bbox 487 3362 603 3439; x_wconf 65' lang='lat' dir='ltr'>Bonnam</span> <span class='ocrx_word' id='word_1_353' title='bbox 613 3364 761 3438; x_wconf 64' lang='lat' dir='ltr'>obtinebat,</span> <span class='ocrx_word' id='word_1_354' title='bbox 775 3376 806 3441; x_wconf 58' lang='lat' dir='ltr'>ut,</span> <span class='ocrx_word' id='word_1_355' title='bbox 814 3382 830 3423; x_wconf 77' lang='lat' dir='ltr'>t</span> <span class='ocrx_word' id='word_1_356' title='bbox 839 3378 937 3426; x_wconf 68' lang='lat' dir='ltr'>stertet</span> <span class='ocrx_word' id='word_1_357' title='bbox 948 3377 1012 3439; x_wconf 62' lang='grc' dir='ltr'>τως</span> <span class='ocrx_word' id='word_1_358' title='bbox 1080 3356 1081 3389; x_wconf 59' lang='lat'>¹</span> 
     </span>
    </p>
   </div>
   <div class='ocr_carea' id='block_1_6' title="bbox 0 0 1124 3817">
    <p class='ocr_par' dir='ltr' id='par_1_10' title="bbox 0 0 1124 3817">
     <span class='ocr_line' id='line_1_46' title="bbox 0 0 1124 3817; baseline 0 0"><span class='ocrx_word' id='word_1_359' title='bbox 0 0 1124 3817; x_wconf 95' lang='lat' dir='ltr'> </span> 
     </span>
    </p>
   </div>
  </div>
 </body>
</html>
