2234 3817
358 156 600 223 ιιιιιοιιιιιιιιιι
622 185 689 225 ιιι
712 192 738 229 ι.·
797 162 810 173 ’
949 175 1007 246 ⁵¹9.

78 270 120 320 lis
134 269 204 320 mora
218 266 355 317 valescere
374 269 489 333 Denique
506 267 585 317 eundi
600 251 687 326 ultrb,
702 268 722 318 si
739 268 804 319 ratio
819 268 867 328 sit,
884 268 1000 324 eamdent

81 359 147 394 mox
159 342 322 393 facultatem
335 358 378 406 reg
380 357 480 395 tessara,
493 357 513 389 ιι
525 344 663 408 poeniteat
675 361 702 391 in
714 342 795 392 aheni
811 354 969 409 potestates.

118 414 244 467 XXXIII
261 409 488 463 «Festinandum»
504 415 594 463 ceteris
606 413 750 470 videbatur,
766 419 919 479 «antequam
930 433 1001 466 cres-

53 539 64 554 (
80 501 152 539 ceret
166 488 277 538 invalida
291 486 374 536 adhuc
392 487 535 549 conjuratio
546 503 696 552 paucorum.
712 488 909 554 Trepidaturum
921 490 1000 538 etiam

53 598 57 606 «
82 563 232 620 Othonem,
250 564 293 625 qui
311 561 398 608 Iurtim
417 560 553 625 digressus,
567 560 619 608 ad
612 575 711 625 ignaros
721 561 820 623 illatus
838 561 998 612 cunctatione

81 643 176 698 noire,
191 646 217 682 et
235 631 341 698 segnitih
355 635 491 682 terentium
510 633 646 699 remissas
640 635 735 682 imitati
753 636 894 701 prInprenr
909 636 998 685 discat.

87 709 154 762 Non
174 705 390 772 exspectandum,
410 718 440 754 ut
459 709 606 770 compositis
619 707 726 763 castris,
741 705 824 757 lorum
839 708 957 768 invadat,
972 718 998 756 et

75 791 271 849 -prospectante
283 779 379 837 Galba,
389 778 543 845 Capitolium
555 777 629 826 adeat
639 795 644 826 ι
658 780 719 829 dum
729 782 841 846 egregius
851 783 997 847 imperator,

91 871 154 904 cum
166 851 274 902 lontibus
285 853 389 913 amicis,
399 852 488 912 janui,
500 865 529 899 ae
540 853 628 899 limine
640 864 714 901 tenus
727 852 832 902 domum
842 854 923 904 cludit
933 895 937 914 ,
949 857 1000 905 ob-

87 927 216 976 sidionem
230 924 351 973 nimiritm
362 926 524 974 toleraturus.
536 925 569 973 Et
579 925 727 989 praeclarum
736 926 762 972 in
773 928 850 974 serris
859 924 998 975 auxilium!

85 1001 109 1050 ai
118 1014 258 1049 consensus
268 1009 341 1054 tantae
351 997 523 1046 multitudiuis
535 1032 541 1051 ,
555 1008 596 1059 et,
606 1013 659 1060 quae
671 998 811 1061 plurimum
824 990 891 1047 valet
900 1034 907 1056 ,
918 1001 1002 1064 prima

87 1073 232 1137 indignatio
251 1071 425 1134 elanguescat.
442 1069 552 1117 Proinde
565 1072 647 1117 intuta
658 1106 663 1127 ,
676 1086 731 1132 qua
749 1067 884 1119 indecora:
904 1072 960 1126 vel,
978 1073 1001 1121 si
1054 1127 1058 1134 ι

87 1145 181 1193 cadere
195 1144 355 1204 accessesit,
369 1142 555 1191 occurrendum
571 1142 722 1190 discrimini.
737 1142 767 1191 Id
780 1144 876 1191 Othoni
887 1142 999 1193 invidio·

87 1221 159 1281 sius,
172 1229 199 1265 et
211 1217 274 1282 ipsis
284 1209 452 1278 honestumn.
461 1217 657 1280 Repugnaotem
669 1215 867 1264 huicserrteutiae
878 1216 998 1275 Vinium,

89 1292 160 1340 Laco
170 1290 301 1338 minaciter
311 1289 418 1364 invasit,
429 1290 575 1338 stimulante
585 1290 652 1337 Icelo
663 1290 778 1356 ,privati
787 1289 838 1339 odii
849 1286 1000 1355 pertinaeil,

91 1366 120 1414 in
133 1364 262 1426 publicum
276 1365 395 1411 exitium.

125 1433 253 1482 XXXIV.
263 1436 316 1483 Nec
328 1435 424 1483 diutius
435 1433 515 1484 Galba
528 1441 661 1484 cunctatus
670 1437 824 1501 speciosiora
836 1405 1003 1484 suadentibus

93 1506 209 1555 secessit.
222 1507 367 1556 Praemissus
380 1519 464 1555 tamen
480 1508 505 1555 iu
522 1520 604 1557 castra
615 1509 683 1566 Piso,
698 1523 725 1557 ut
737 1511 833 1572 juvenis
847 1525 938 1574 magno
950 1523 1000 1555 no·

94 1580 180 1638 mine,
192 1575 287 1627 recenti
303 1579 387 1628 lavore
395 1617 402 1640 ,
418 1592 443 1628 et
462 1580 575 1630 infensus
586 1583 618 1632 T.
632 1583 708 1631 Vinio
719 1601 727 1648 3
739 1599 784 1631 seu
796 1585 855 1648 quia
870 1593 937 1639 erat,
955 1593 1000 1628 seu
1049 1611 1052 1614 -
1088 1637 1093 1646 .

94 1653 155 1717 qula
173 1652 230 1701 irati
249 1655 283 1702 ita
301 1654 439 1703 volebant:
453 1653 596 1705 etlacilihs
613 1656 645 1704 de
662 1657 722 1705 odio
738 1657 860 1707 creditur.
872 1656 923 1703 Via
938 1653 1000 1701 dum

96 1741 197 1790 egresso
208 1726 309 1783 Pisone,
322 1729 457 1777 «occisum
468 1730 594 1779 incastris
606 1729 736 1780 Othonem
744 1748 771 1793 u,
782 1745 860 1796 vagus
871 1725 999 1794 primam,
1031 1764 1035 1771 .

98 1811 126 1849 et
137 1801 247 1849 incertus
257 1817 355 1859 rumor,
366 1818 436 1861 mox,
446 1814 474 1851 nt
488 1804 514 1849 in
523 1803 621 1867 magula
635 1802 782 1858 mendaciis,
795 1800 959 1852 tinterluisse
973 1811 1001 1847 ee

97 1872 200 1941 quidam
215 1885 241 1921 et
251 1872 364 1922 vidisses)
378 1873 557 1930 adfirmabant,
574 1874 675 1922 credula
684 1872 765 1930 lamb,
775 1874 841 1922 inter·
851 1871 1000 1939 gaudentes,
1012 1921 1016 1936 Ι

99 1955 126 1994 et
139 1947 286 2018 incuriosos.
300 1945 378 1996 Multi
387 1945 590 2009 arbitrabantur,
603 1946 786 2015 compositum,
798 1958 950 2011 auctumque
958 1962 1002 1994 ιιι·
1052 1973 1056 1984 ι

95 2033 197 2067 morem
206 2018 361 2083 ,mixtisjam
370 2019 523 2082 Othonianis
529 2034 591 2083 ‚qut
585 2016 633 2067 td
644 2016 803 2067 evocandum
812 2016 936 2114 Galbam,
946 2019 1001 2065 leta

98 2089 163 2140 tetro
177 2093 340 2156 vulgaverint.
971 2113 974 2118 ’

134 2165 243 2213 XXXV.
259 2165 325 2213 Τιιιιι
338 2163 397 2213 verb
410 2181 461 2213 non
471 2165 581 2232 populus
595 2164 709 2224 tahthm,
726 2176 751 2212 et
764 2163 879 2229 imperita
890 2158 980 2227 pleh's'
974 2174 1002 2208 ιιι

32 2253 38 2265 ·
98 2236 214 2321 plausae,
224 2250 251 2287 et
262 2238 397 2288 immodica
406 2239 504 2297 sfodra
513 2241 558 2289 sed
568 2241 681 2304 equitum
690 2240 1001 2309 pleriqueacseuatorum,

98 2312 182 2377 posito
192 2323 263 2361 metu
274 2313 369 2362 incauti
377 2311 510 2376 ,refractis
522 2314 610 2380 palatii
620 2314 730 2376 loribus,
747 2328 818 2360 ruere
832 2312 914 2369 intus,
932 2321 961 2354 ae
974 2319 1001 2355 ss

98 2383 183 2434 Galbae
191 2397 329 2448 ostentare,
342 2403 358 2435 ιι
365 2399 512 2452 praereptam
522 2389 571 2437 sihi
582 2390 702 2440 ultionem
708 2405 722 2436 ιι
731 2398 873 2451 querentes.
884 2380 1002 2468 Ignavis¹

97 2463 174 2510 strnue
184 2477 308 2525 quisque
321 2471 359 2517 et,
371 2471 400 2508 ut
412 2475 451 2509 res
463 2462 583 2524 docuit
576 2479 602 2511 ιιι
612 2464 725 2529 periculo
735 2478 786 2509 nou
796 2475 914 2516 ausurus
927 2454 1001 2505 nimii

96 2532 181 2579 verbis
190 2533 301 2597 linguae
314 2532 425 2582 feroces
440 2551 515 2584 nemo
528 2552 606 2598 scire
616 2549 643 2585 et
656 2550 743 2584 omnes
756 2534 904 2590 adfirmare
920 2530 1002 2576 donec

96 2605 182 2670 inopih
191 2605 256 2661 veri,
264 2617 290 2653 et
299 2621 421 2654 consensu
425 2610 571 2668 errantium
582 2611 673 2669 victua,
684 2621 785 2670 sumpto
799 2606 900 2654 thorace
909 2599 999 2658 Galba,

97 2679 207 2727 irruenti
224 2678 316 2735 rurba,
332 2694 412 2743 neque
427 2691 516 2737 aetate,
530 2695 611 2748 neque
621 2695 726 2743 corpore
738 2691 845 2733 sistens
856 2663 916 2722 scili
931 2674 1001 2719 lera-

97 2761 180 2800 retur.
198 2749 321 2799 Obvius
314 2767 340 2800 m
357 2752 546 2819 palatiolulius
563 2752 678 2807 Atticus,
691 2750 852 2814 speculator,
867 2756 1001 2794 cruentum

81 2822 212 2892 ⁸gladium
231 2835 374 2883 ostentans,
389 2840 521 2876 accersunt
535 2822 550 2871 lt
570 2839 596 2871 se
614 2822 764 2873 Othonem»
783 2821 953 2868 exclamavit:
975 2827 1002 2866 et

100 2897 194 2955 Galba,
209 2898 412 2958 «Commium»,
429 2901 527 2965 inquit,
542 2899 619 2964 aquis
636 2898 711 2961 jussit
720 2893 773 2945 n?'
766 2895 858 2960 insigni
872 2895 956 2943 animo
968 2889 1002 2939 ad

97 2970 263 3020 coercendam
282 2974 421 3022 militarem
440 2974 588 3039 licentiam,
607 2971 763 3023 minantibus
777 2969 933 3037 intrepidus,
952 2966 1001 3016 ad·

97 3042 186 3094 tersirs
195 3043 358 3095 blandientes
370 3037 542 3111 incdrruptus.

131 3114 253 3163 XXXVI.
267 3117 344 3167 Hand
356 3117 456 3166 dubie
449 3136 500 3182 lam
510 3121 536 3166 in
549 3116 636 3166 eastris
647 3119 763 3166 omnium
776 3129 887 3180 meotes,
898 3125 1001 3178 tantus·

98 3202 148 3252 que
163 3181 253 3248 ardor,
266 3201 295 3239 ut
308 3209 361 3243 non
374 3194 488 3250 contenti
503 3193 601 3257 agmine
616 3202 641 3240 et
654 3192 835 3256 corporibus,
830 3208 855 3238 ιιι
869 3198 1001 3253 suggestu,

96 3261 123 3308 in
135 3277 185 3324 quo
199 3262 274 3326 pauit
290 3266 350 3315 autb
360 3283 436 3315 arrrea
445 3266 532 3313 Galba
541 3276 623 3313 statua
631 3263 727 3321 luerat,
737 3264 865 3313 medium
859 3262 1002 3320 intersigna

51 3385 57 3394 l
95 3331 253 3383 Othonem
237 3340 339 3390 nexillis
349 3337 544 3389 circumdarent.
557 3336 610 3385 Nec
620 3337 728 3386 tribunis
736 3332 1000 3398 ,autcerrturiontbon

95 3404 306 3463 adeundilocus:
320 3399 1002 3530 megariusmttocaesariusuperprgpfsrw·illu:

858 3617 871 3642 Ι
