2234 3817
158 109 193 170 tili
337 109 342 122 ‘
476 118 501 156 c.
520 118 613 153 cons.
632 120 745 154 raom

158 219 211 272 quse
224 200 313 264 cuique
326 207 377 246 tem
388 194 464 260 longo
478 199 602 260 temporis
618 198 699 261 epatio
714 213 799 255 mene,
815 196 920 257 tlemus,
935 195 1060 251 fortuna?

158 278 288 345 superbire
303 272 418 322 homiues
434 282 509 317 etrum
523 267 786 335 arr:·rtadesiguetioue
802 288 808 319 :
824 271 885 335 quid
901 274 919 318 si
931 271 1056 323 honorem

156 372 202 425 per
218 347 423 418 quenquennium
441 344 554 408 agitent?
570 348 763 411 quinquiplicari
774 363 876 412 prorsus
886 341 1059 410 magistratus,

156 428 271 485 subverti
282 429 411 489 legesque
420 439 464 469 sua
473 423 552 487 spatia
563 423 705 470 exercendae
714 422 906 470 candidatorum
917 421 1043 471 industrie
1052 459 1061 486 ,

155 500 343 573 quaerendisque
358 506 402 543 aut
417 494 546 558 potiundis
564 496 864 546 honoribusstatuerint.

186 572 317 628 XXXVII.
331 555 474 618 Favorabili
485 568 510 615 iu
523 585 631 633 speciem
645 571 757 617 oratione
770 570 836 618 viam
850 568 948 634 imperii
960 568 1057 635 renuit,

151 663 290 712 censusque
300 643 469 708 quorumdam
480 656 625 694 senatorum
638 644 718 708 iuvit:
733 644 781 709 quo
793 647 871 708 magis
883 646 977 692 mirum
988 642 1051 705 fuit,

152 724 221 791 qubd
230 736 317 788 preces
328 719 364 768 tt.
376 717 476 765 Hortali
487 718 581 766 nobilis
592 724 703 781 prreuis,
714 721 738 766 in
750 730 897 784 paupertate
910 714 1057 779 manifesta,

151 794 436 866 superbitisaccepisset.
446 784 530 858 Nepos
538 797 709 842 eratoratoris
717 795 854 858 Hortensii.
866 790 987 840 illectusir
998 791 1055 838 diro

152 873 267 937 Augusto
276 867 425 917 liberalitate
436 866 519 914 decies
528 868 635 915 sestertii
647 869 738 916 ducere
745 867 879 923 durorem,
888 867 1012 928 suscipere
1021 865 1056 911 li-

150 940 514 1004 her·os‚uecler·issimafamilia
521 944 729 1006 exstingueretur.
736 944 929 1006 Igiturqusutor
937 939 1055 986 filiisante

148 1023 228 1073 limen
236 1021 309 1068 curiae
319 1011 491 1074 adstantibus,
502 1019 558 1066 loco
570 1011 699 1066 sententiae
705 1057 714 1079 ,
724 1035 804 1082 quum
818 1020 843 1065 in
855 1018 944 1081 palutio
953 1026 1056 1063 senatus

148 1096 298 1150 hebetetur,
310 1090 387 1137 modo
397 1091 527 1140 Hortensii
536 1095 601 1141 iuter
612 1105 723 1141 oratores
732 1094 807 1141 sitam
819 1094 963 1153 imaginem,
975 1088 1055 1137 modo

147 1170 259 1236 Augusti
268 1168 383 1220 intuens,
395 1167 425 1212 ad
438 1168 505 1214 hunc
514 1173 620 1219 modum
628 1172 703 1237 coepit
714 1189 720 1218 ι
733 1171 840 1218 cPatres
849 1169 995 1231 conscripti,
1007 1166 1055 1215 lios

148 1249 257 1310 quorum
269 1255 404 1289 numerum
416 1251 443 1286 et
454 1242 591 1303 pueritiam
607 1246 714 1303 videtis,
725 1262 780 1292 >non
794 1255 883 1307 sponte
894 1241 997 1290 sustuli,
1009 1240 1055 1289 setl

147 1319 206 1386 quia
216 1317 332 1380 princeps
342 1310 462 1362 mouebat
472 1327 478 1357 t
490 1312 565 1359 simul
578 1312 686 1375 majores
697 1319 747 1364 mei
760 1326 902 1364 meruerant
912 1350 918 1366 ,
929 1325 956 1360 nt
967 1324 1052 1376 poste·

129 1437 132 1443 ,
147 1407 190 1442 ros
201 1389 323 1436 habereut
334 1403 340 1433 ε
353 1402 413 1436 uam
426 1401 489 1449 ego,
500 1385 545 1448 qui
557 1403 607 1433 sion
623 1388 771 1449 pecuniam,
789 1405 838 1434 non
854 1387 936 1433 sturlia
950 1386 1052 1451 populi,

146 1480 228 1526 neque
237 1463 416 1524 eloquentiam,
423 1460 515 1524 gentile
520 1459 611 1507 demtis
618 1474 706 1507 nostrae
712 1462 816 1521 bonum,
825 1463 946 1508 varietate
953 1472 1052 1524 tempo·

147 1534 367 1598 runiaccipererel
375 1534 1051 1598 parerepctuissem,satislralrelsam‚siteuuesresmear

148 1626 194 1660 nec
202 1606 307 1672 pudori,
317 1623 363 1653 nec
372 1609 488 1669 cuiqnam
496 1610 568 1655 oneri
578 1608 673 1654 forent:
687 1608 769 1669 iussus
776 1609 806 1655 ab
816 1609 982 1677 imperatore,
990 1624 1052 1654 uxo-

146 1694 200 1733 rem
210 1680 279 1727 duxi,
287 1680 324 1726 En
333 1680 440 1743 stirpset
448 1682 579 1743 progenies
589 1684 737 1730 totconsulu
742 1700 777 1744 m,
785 1694 821 1728 tot
831 1682 998 1730 dictatorum:
1008 1696 1053 1727 nec

110 1783 118 1800 .
147 1755 180 1804 ad
190 1751 310 1804 invidiam
320 1752 368 1798 ista
375 1786 382 1814 ,
390 1751 434 1799 sed
444 1752 605 1802 conciliandae
615 1755 793 1802 misericordie
802 1755 884 1803 resero
895 1774 901 1802 :
912 1755 1050 1815 adsequen-

147 1842 187 1884 tur
205 1830 312 1884 florente
323 1837 362 1885 te,
382 1826 475 1888 Cesar,
493 1844 557 1891 quos
569 1827 668 1876 dederis
678 1828 802 1877 honores:
818 1830 916 1876 interim
928 1830 968 1888 Q·.
977 1827 1052 1873 Hor-

144 1902 218 1956 tensii
230 1910 396 1965 pronepotes,
407 1898 460 1947 divi
471 1898 578 1964 Augusti
587 1904 718 1959 alumnos,
731 1904 763 1952 ab
776 1904 859 1967 inopiai
870 1898 1005 1950 deiende.»
1110 1959 1112 1972 Ι

177 1974 324 2024 XXXVIII.
339 1967 475 2020 Inclinatio
486 1975 588 2022 senatus
604 1976 793 2024 incitamentum
808 1975 912 2023 Tiberio
921 1975 983 2031 luit,
997 1975 1049 2036 qul>

142 2044 287 2117 promptius
296 2045 480 2103 adversaretur,
489 2046 610 2096 hisserme
622 2049 703 2096 serbis
711 2066 770 2096 usus
780 2067 786 2096 ε
799 2051 846 2096 «Si
854 2048 976 2112 quantum
986 2066 1053 2114 pau-

142 2139 232 2190 perum
248 2132 300 2182 est,
314 2121 399 2170 venire
415 2119 480 2177 huc,
492 2133 517 2168 et
528 2121 614 2170 liberis
625 2125 676 2170 suis
691 2135 774 2187 petere
784 2124 902 2188 pecunias
910 2125 1050 2188 coeperint,

143 2187 236 2257 singuli
244 2209 371 2253 nunquam
381 2194 580 2252 exercebuntur,
596 2198 736 2259 respublica
745 2197 858 2245 deficiet:
869 2199 980 2247 necsanle
989 2199 1047 2250 ideo

141 2266 157 2316 b
170 2263 306 2325 majoribus
314 2277 463 2309 concessum
473 2276 510 2309 est
522 2264 607 2325 egredi
619 2267 755 2329 aliqnando
767 2275 929 2329 relationem,
941 2288 967 2323 et
978 2261 1050 2337 qnod

142 2341 169 2388 in
184 2350 319 2390 mmmmm
334 2332 459 2382 conducat
477 2335 533 2381 1000
549 2341 677 2389 &mertile-
695 2343 823 2404 proferre,
841 2339 869 2392 tit
887 2348 983 2410 priratc
999 2365 1049 2395 ne-

141 2411 224 2478 gotia,
238 2423 277 2472 ¹¹9⁸
290 2406 424 2456 familiares
435 2420 533 2460 nostras
544 2410 588 2459 hic
602 2415 754 2477 augeamus,
766 2435 825 2467 cnm
838 2416 928 2466 invidiai
942 2422 1051 2472 senatuis

143 2496 171 2534 et
182 2479 341 2548 principum,
352 2479 402 2528 sive
416 2479 751 2550 indulserintlargitionem,
767 2494 820 2538 sire
832 2492 963 2538 abnuerint
975 2511 980 2537 :
992 2511 1049 2542 non

139 2558 207 2611 enim
218 2569 306 2620 preces
317 2564 377 2600 sunt
393 2552 474 2612 istuc,
494 2556 538 2604 sed
554 2559 698 2624 efflagitatio
715 2565 891 2628 intempestiua
902 2562 1006 2626 quidem
1019 2579 1048 2616 et

139 2630 291 2696 improvisa,
302 2643 379 2689 qttum
391 2628 445 2676 aliis
458 2629 489 2689 de
501 2619 576 2680 rbbus
589 2639 754 2694 conreueriut
764 2650 864 2702 patres,
877 2653 1047 2702 consurgere,

139 2717 165 2764 qt
183 2718 289 2756 numero
306 2712 381 2764 atque
397 2714 469 2751 aetate
484 2705 591 2756 Iiberrim
608 2725 713 2758 suorum
729 2726 819 2774 urgere
834 2711 988 2762 modestiam
1002 2730 1047 2762 se-

137 2776 226 2836 u'attls,
238 2772 326 2822 eadem
338 2777 391 2822 vim
404 2777 429 2823 in
441 2795 481 2825 me
494 2782 679 2840 transmittere,
692 2801 721 2831 ac
734 2787 805 2831 velut
814 2785 972 2849 perfringere
983 2804 1048 2835 aera·

137 2854 206 2904 rium
220 2869 225 2896 z
237 2847 306 2913 qnod
319 2849 340 2893 si
351 2847 490 2898 ambitione
499 2854 703 2918 exbarrserimus,
713 2874 759 2922 per
768 2858 861 2904 scelere
870 2860 1049 2923 supplendum

136 2929 187 2980 erit
201 2942 207 2971 ι
222 2921 293 2970 (ladit
310 2919 372 2976 libi,
394 2920 513 2978 Hortalo,
531 2926 606 2976 dirus
625 2935 748 2994 Augustus
764 2929 915 2992 pecuniam,
931 2930 1048 2981 sednon
1115 2983 1116 2986 ,

138 2993 317 3059 ῳψρειίαωε,
330 3007 377 3037 nec
390 2990 418 3040 eat
430 2995 484 3058 lege
498 3010 527 3045 ut
540 3017 640 3067 serupsr
655 3004 773 3054 daretur:
786 3001 934 3065 languescet
946 3006 1049 3069 alioqui

139 3067 276 3130 lenticula.
291 3063 436 3114 intendetur
448 3072 577 3140 socordia.
592 3079 612 3123 si
624 3080 709 3128 nullus
719 3094 750 3125 ex
761 3093 788 3123 se
796 3088 895 3140 metus,
908 3091 1045 3143 eutropes,
1115 3087 1116 3140 i

137 3140 255 3200 etsecsui
269 3154 356 3188 omnes
369 3141 449 3196 aliena
465 3145 577 3197 subsidia
592 3154 775 3217 expectabunt,
788 3151 836 3199 sibi
851 3153 952 3216 ignavi,
966 3155 1046 3202 nobis

138 3232 257 3284 graves».
268 3214 327 3293 Haec
336 3222 410 3276 atque
423 3215 491 3266 talia.
505 3235 650 3285 quenquam
659 3237 719 3274 cnm
729 3225 839 3275 adsensu
848 3225 933 3274 audita
944 3225 977 3273 ab
990 3224 1044 3285 his,

138 3289 233 3351 quibus,
248 3301 334 3333 omnia
347 3286 490 3351 principum
505 3290 610 3342 honesta
628 3308 703 3360 atque
719 3299 853 3350 inhonesta
865 3299 967 3346 laudare
984 3314 1047 3346 mos

137 3368 194 3422 ott,
210 3359 297 3422 plnres
308 3371 354 3420 per
367 3356 498 3414 silentium
511 3376 555 3414 aut
567 3368 698 3418 occultum
709 3361 829 3424 murmur
841 3370 962 3437 excepere
973 3387 980 3417 ε
991 3386 1058 3419 sen·
1116 3364 1117 3427 Ῑ
