2234 3817
388 91 570 149 snrscrnu
587 92 652 134 ιιι.
669 95 716 132 ιι.
836 68 853 153 'y
964 85 1011 154 roy

95 175 241 246 propinquo
249 173 401 233 consulatu,
413 175 536 239 maiorem
545 174 578 223 ad
589 191 659 241 spem
668 174 764 241 accingi
776 192 782 223 t
793 191 839 227 uec
849 178 918 227 euim
926 181 1012 229 occul-

98 263 171 308 tum,
183 244 245 315 quid
254 258 314 315 pott
324 249 375 298 tale
390 250 584 309 matrimonium
594 259 766 315 superesset».
776 249 884 299 Subibat
893 251 946 299 aine
959 250 1011 299 du·

96 324 142 374 bio
153 336 238 374 metus
248 334 414 390 reputantes,
426 322 568 372 «hebetem
576 321 711 379 Claudiurn
719 358 728 383 ,
737 326 843 372 etntori
853 324 1009 384 devinctum,

45 419 49 423 ’
96 399 244 462 multasque
252 408 351 445 mortes
363 394 433 459 ju'ssu
442 395 594 447 Messallinte
604 406 744 460 patratatn.
757 394 855 446 Rursus
865 398 918 463 ipsa
927 397 1011 447 [acili-

96 483 135 522 ιιι
147 472 311 536 imperatoris
319 469 440 517 fiduciam
452 467 541 528 dabat,
549 471 591 517 nsi
601 469 732 518 atrocitate
743 469 855 518 criminin
868 472 1012 535 praevaluis-

19 548 22 553 “
97 556 169 602 sent,
179 544 256 610 potae
267 543 380 609 opprimi
398 540 541 591 damnatam
553 543 688 606 antequam
699 557 778 592 ream.
790 542 840 591 Sed
850 544 876 591 in
885 560 915 592 eo
926 543 1013 593 discri-

99 633 161 667 men
173 621 252 677 verti,
267 620 288 667 si
300 617 415 667 defensio
425 617 573 678 audiretur,
583 628 661 682 utque
670 617 761 667 clausa
771 635 843 668 auree
856 619 932 668 etiam
946 636 1016 670 con*
1050 648 1052 652 .

102 688 318 741 fiteutilorentn.
676 704 682 717 ⁴

136 763 240 812 XXIX.
252 764 291 814 Ac
302 764 387 830 primo
398 763 533 823 Callistus,
545 763 596 827 jam
606 762 670 814 mibi
682 763 748 814 circa
757 779 848 815 necem
861 765 892 813 C.
907 763 1012 812 Cetaria

105 849 269 901 narratus,et
277 837 398 905 Appianae
405 839 479 888 cadis
490 837 596 887 molitor
604 837 736 887 Narcissus
745 872 752 895 ‚
762 837 1012 900 flagrantissimiqne‚

41 934 44 957 ι
103 926 137 960 eo
154 911 327 976 intempore,
342 909 421 976 gratini
436 910 518 959 Pallas
534 909 676 975 agitavere,
692 926 776 958 annm
787 909 958 958 Messalliuam
969 925 1013 958 se·-

102 982 180 1032 cretie
188 982 264 1030 minis
275 982 433 1048 depellerent
442 999 527 1031 cruore
537 982 608 1039 Silii,
619 993 711 1030 cuncta
722 982 773 1030 alia
783 982 969 1031 distimnlantet
980 997 1012 1031 t:

103 1054 163 1104 dein
177 1067 261 1117 metu,
270 1072 304 1105 ne
316 1055 348 1104 ad
356 1057 501 1122 perniciem
511 1054 582 1104 ultro
598 1054 772 1115 traherentur,
787 1053 1014 1119 desistunt3Pallas

103 1143 150 1192 per
159 1129 299 1193 ignaviam.
310 1129 428 1179 Callistus
437 1130 530 1195 prioris
539 1144 641 1193 quoque
648 1130 831 1194 reginperitus,
842 1129 1016 1194 etpotentiam

40 1202 48 1210 “
105 1202 206 1259 cautis,
219 1200 297 1267 quiin
310 1202 412 1251 acribus
424 1203 536 1252 consiliis
546 1199 627 1263 tutiirs
640 1200 737 1251 haberi.
748 1203 861 1252 Perttitit
870 1203 1015 1266 Narcissum

106 1284 136 1322 et
143 1273 224 1340 tolum
234 1274 260 1323 id
270 1275 408 1325 immutans
418 1311 424 1332 .
434 1292 467 1324 ne
479 1291 530 1340 quo
543 1292 657 1324 sermone
672 1277 800 1341 praesciam
809 1275 923 1323 oriminis
934 1285 959 1322 et
970 1289 1014 1321 ac-

108 1348 233 1396 cusatoris
246 1347 354 1408 iaceret,
369 1350 422 1414 ipse
436 1348 469 1397 ad
481 1350 626 1398 occasiones
636 1350 767 1408 intentus,
782 1348 857 1414 longi
873 1345 940 1413 apud
960 1348 1014 1396 Os·

109 1421 175 1470 tiam
186 1421 286 1470 Caesaris
298 1422 366 1471 mord
378 1460 384 1478 ‚
397 1421 459 1471 duas
468 1422 572 1488 pellices
582 1459 590 1485 ,
600 1439 707 1486 quarum
717 1423 738 1471 is
747 1421 895 1488 corporibus
904 1419 1015 1469 maxime

108 1493 253 1543 insueverat
258 1494 405 1561 ,largitione
418 1512 447 1544 ac
457 1496 603 1560 promissis,
613 1507 638 1543 et
648 1513 726 1545 uxore
735 1495 830 1558 dejecti
838 1531 847 1556 ,
854 1495 912 1566 plut
922 1506 1016 1561 poten·

101 1566 153 1616 tire
165 1568 313 1618 ostentando
321 1571 450 1635 ‚perpulit
459 1569 611 1623 delationem
621 1569 714 1622 subire.

142 1641 231 1691 XXX.
242 1642 305 1690 Exin
316 1641 453 1706 Calpurnia
463 1641 485 1708 (li
478 1641 503 1689 td
512 1641 599 1708 pellici
610 1643 717 1710 nomeu)
730 1643 774 1694 nbi
782 1642 870 1692 datum
879 1653 1015 1702 secretum,

109 1713 214 1773 Caesaris
223 1715 330 1780 genibus
340 1716 490 1780 provoluta,
505 1718 641 1782 «nupsisse
652 1718 821 1767 Messallinatu
834 1716 917 1765 Silion
928 1714 1015 1764 excla-

106 1799 175 1837 mat:
188 1789 266 1837 simul
276 1789 451 1855 Cleopatram,
465 1805 519 1854 quae
531 1789 599 1838 idem
609 1793 744 1858 opperiens
756 1791 886 1850 adstabat,
895 1807 934 1840 cn
947 1807 1016 1840 com-

106 1869 216 1929 perisset
226 1863 252 1916 Ρ.
263 1866 402 1929 interrogat
418 1882 423 1911 :
440 1876 516 1929 atque
532 1866 574 1914 ills
596 1880 737 1928 aunuente,
755 1868 834 1921 «cieri
844 1866 1013 1915 Narcissumn

2 1928 4 1965 J
73 1972 75 1979 ι
110 1937 232 2000 postulat.
243 1936 269 1986 Is
282 1938 405 1987 nveniam
414 1938 439 1985 in
453 1939 608 2003 preteritum
620 1952 725 2006 petens,
735 1939 805 2003 quod
816 1941 838 1986 ei
849 1939 886 1986 cis
897 1938 998 1985 Vectios
1005 1970 1014 1992 ,

113 2009 152 2056 cis
167 2008 296 2069 Plautios,
313 2010 522 2061 dissimulavistet
534 2029 540 2058 ι
554 2029 600 2060 nec
609 2030 678 2061 nunc
694 2011 816 2060 adulteria
831 2010 1014 2070 objecturum»

111 2082 167 2132 ait:
184 2098 238 2131 ene
247 2077 358 2144 dornt‘tnr,
369 2085 485 2144 servitia,
497 2093 522 2131 et
531 2095 629 2132 ceteros
638 2082 742 2133 lortunae
754 2093 854 2147 paratus
865 2089 1018 2145 reposceret,-

111 2155 240 2206 lrrteretur
254 2158 330 2213 immo
344 2159 374 2207 iis
385 2158 395 2207 ε’
408 2157 452 2208 sed
462 2156 581 2207 redderet
590 2156 696 2206 uxorem
704 2166 904 2221 ,rumperetque
917 2151 1016 2202 tabulas

111 2230 249 2294 nuptiales.
258 2231 299 2280 An
310 2231 445 2280 discidium
454 2247 479 2290 n,
493 2232 591 2296 inquit,
607 2244 699 2294 ntuum
713 2226 799 2280 nosti?
812 2245 870 2281 nam
880 2228 1015 2279 matrimo-

112 2302 186 2351 nium
199 2303 326 2353 Srluvnlrt
334 2305 458 2379 populus
468 2316 617 2366 etsenatus,
629 2316 655 2354 et
664 2304 754 2357 miles
766 2300 945 2370 acnrproperd
952 2317 1017 2366 asts,

112 2387 181 2426 tenet
194 2378 281 2426 urbem
292 2380 431 2427 maritutu.

140 2449 242 2501 XXXI.
251 2453 319 2500 Turn
332 2452 495 2516 potissimum
505 2454 644 2503 amicorum
653 2461 739 2501 vocat:
750 2420 911 2516 primumque
920 2445 1017 2495 reilin-

79 2560 84 2565 -
109 2527 239 2574 menteriae
249 2524 396 2610 prefectum
407 2525 584 2591 Turranium,
574 2527 645 2593 pbst
653 2526 758 2574 Lusium
770 2525 861 2572 Getam
868 2519 1018 2584 ‚praetoria-

110 2597 151 2647 nis
164 2599 329 2684 impositum,
345 2611 532 2664 percunctatur.
546 2601 646 2665 Quibus
662 2598 816 2650 latentibus,
832 2604 887 2641 turn
902 2591 1018 2641 certatim

111 2672 194 2720 ceteri
194 2673 433 2739 circumstrepunt,
445 2693 459 2724 (ι
471 2676 535 2725 ilet
529 2694 555 2724 ιιι
563 2685 658 2737 castra,
668 2673 778 2720 firmaret
786 2668 918 2736 pretorius
915 2665 1019 2715 cobor-

89 2788 95 2797 ,
112 2754 155 2792 tes
164 2779 171 2803 ,
181 2746 310 2795 securitati
321 2747 377 2796 unte
387 2787 393 2805 ,
402 2748 477 2814 quim
490 2749 606 2797 vindicta
616 2708 758 2793 corisuleret
768 2760 795 2791 ιι.
809 2743 873 2790 Satis
883 2752 1020 2793 constater»

114 2833 211 2883 pavore
225 2817 333 2869 offusum
344 2821 493 2885 Claudium,
511 2833 540 2870 nt
554 2819 692 2869 identidem
706 2819 887 2880 interrogaret,
898 2832 913 2863 ((
924 2832 955 2863 ³¹¹
965 2816 1019 2880 i11⁶⁶

111 2892 214 2957 imperii
229 2903 319 2958 potens
329 2891 341 2942 i
353 2896 476 2947 stabilius
494 2896 607 2961 privatus
620 2891 728 2943 essetui
743 2893 778 2941 At
793 2890 949 2951 Messallina,
968 2906 1020 2938 nou

112 2961 174 3031 aliis
188 2964 385 3027 solutiorluxu,
404 2967 493 3016 adulto
505 2973 644 3035 autumno,
657 2966 817 3016 simulacrum
830 2962 963 3012 vindemie
975 2979 1023 3026 per

113 3035 219 3087 domum
229 3041 349 3091 celebrat.
363 3043 454 3108 Urgeri
468 3042 557 3108 praela,
573 3045 651 3091 lluere
665 3043 751 3104 lacus3
769 3052 795 3090 et
805 3041 901 3089 lemine
910 3038 1021 3104 pellibus

113 3110 229 3160 accincta
243 3112 407 3165 adsultabant
415 3152 424 3187 t
442 3129 471 3164 ut
487 3116 653 3165 tacrilicantet
672 3116 735 3162 rel'
730 3115 881 3165 insanientes
898 3110 1018 3160 Baccha.
1034 3126 1038 3137 ¹
1103 3108 1106 3113 ’

109 3184 178 3249 ipsa,
187 3186 255 3235 crine
263 3186 337 3237 fluxo
345 3189 478 3255 ,thyreum
489 3191 604 3254 quatiens
611 3226 618 3248 ,
630 3186 747 3252 iuxtaque
759 3184 971 3237 siliusheders
948 3198 1022 3237 truc-

112 3267 154 3304 tut
164 3273 273 3324 ,gerere
287 3262 457 3313 cothurnos
451 3278 530 3324 lacere
549 3273 638 3329 caput,
654 3271 782 3324 strepente
806 3257 901 3308 circum
921 3254 1022 3322 procaci

82 3327 310 3388 sacrararum
315 3335 440 3391 Vectium
454 3334 587 3391 Valentem
594 3371 604 3404 ,
618 3331 736 3387 lascivii
730 3351 757 3385 ιιι
768 3333 896 3402 praealtam
905 3328 1023 3395 arborem
1058 3365 1064 3371 c
