2234 3817
59 2125 79 2165 ι..

49 2185 66 2230 'i

58 2239 65 2261 ⁸·

135 148 169 204 56
197 199 201 206 ,
449 165 474 201 o.
497 159 592 202 conr.
619 165 734 205 ructus

135 312 1052 344 Wmmvmnswvmsnmmsmmmwwwwuw

303 443 652 588 ANNALIUtu
689 443 799 526 LIB.
829 441 919 523 ΙΙ.’

137 650 219 695 Motus
231 648 256 690 in
272 647 376 691 Oriente.
394 645 551 689 Germanicus
569 645 647 686 classe
658 643 692 685 ad
710 642 832 685 Amisiam
835 639 933 696 fiumen
945 642 1047 688 uectus,

164 709 321 760 Angrivarios
327 708 471 763 populatur,⁸
480 717 538 748 mox
551 704 683 748 Cheruscos
691 711 713 746 et
723 703 862 746 Arminium
869 696 1048 765 magnoproeiia

163 770 242 812 vincit
254 770 351 812 :sedin
360 780 467 826 regressu
481 768 568 811 classis
579 768 607 809 in
619 765 715 809 Oceano
727 766 755 808 ui
767 761 916 818 tempestatis
929 757 1049 820 distecta5

164 842 237 888 quatu
254 829 348 873 cladem
360 828 475 887 prosperii
491 832 521 871 inv
530 827 610 871 hostes
628 825 781 881 expeditione
797 827 881 865 statim
897 826 1047 874 compensat.

166 892 262 934 Anxius
272 889 317 934 isac
326 890 404 942 grona
416 891 555 933 Germanici
570 887 691 937 Tiberius,
704 888 779 929 stertis
789 897 842 927 cum
853 879 984 939 legionibus
991 876 1049 919 abs·

167 951 251 995 nubit.
262 948 321 994 Libo
330 952 424 993 Drusus
433 950 630 1008 deserturmoiiri
639 960 676 989 res
684 960 770 1000 novas,
781 953 805 988 et
815 944 848 986 ad
860 947 959 986 mortem
966 939 1048 1009 adigi-

155 1013 211 1055 'um
222 1012 256 1055 M.
269 1012 368 1055 Hortaii
378 1017 461 1068 preces
471 1012 497 1053 in
509 1008 643 1065 manifestd
655 1015 799 1065 parspertate
809 1013 895 1062 spretae
906 1003 1047 1059 iprineepe.

166 1076 252 1114 Seruus
264 1074 377 1115 Postumi
386 1075 511 1129 Agrippa,
527 1071 623 1129 sacient
637 1079 660 1113 et
674 1083 761 1125 nomen
774 1069 828 1112 beri
837 1067 948 1111 ntentitus
958 1069 980 1104 et
993 1069 1049 1104 tur-

166 1131 225 1174 bans
241 1135 342 1188 capitur.
363 1133 508 1187 triumphus
527 1134 666 1178 Germanici
683 1133 713 1176 de
732 1132 822 1184 Cattis,
844 1126 984 1174 Cheruscis,
1000 1128 1050 1166 etc,

166 1191 315 1247 Archelaus,
333 1192 501 1249 Cappadocum
518 1206 576 1247 rea,
593 1196 648 1239 doio
664 1196 765 1240 Romam
782 1193 886 1242 accitus,
902 1194 996 1243 sponte,
1015 1198 1049 1226 an

157 1252 219 1310 sato
236 1256 345 1297 moritur.
363 1253 506 1295 Germanico
525 1253 611 1295 Oriens
624 1258 772 1308 permissus,
791 1251 874 1295 Pisoni
889 1250 976 1301 Syria,
992 1259 1048 1287 cum

165 1313 283 1367 occultis,
297 1321 323 1356 ut
337 1313 450 1365 creditur,
465 1314 490 1354 in
508 1312 683 1354 Germanicum
700 1315 828 1358 mandatis.
841 1312 933 1355 Drusus
947 1310 972 1349 in
983 1306 1049 1357 Itty·

165 1374 245 1419 ticum
264 1377 358 1418 missus.
378 1373 513 1418 Duodecim
531 1372 598 1416 Asia
618 1371 685 1414 urbes
709 1376 823 1429 eoiiapsoe
840 1379 955 1415 noetumo
978 1375 1048 1410 terres

168 1442 241 1479 motu.
258 1436 424 1492 Tacfarinatis
436 1435 593 1479 latrocinium
605 1435 630 1477 iu
640 1432 727 1488 Africa
740 1445 879 1489 repressum.
894 1431 946 1474 Res
957 1429 973 1472 ὰ
989 1430 1048 1472 Ger-

165 1500 265 1540 manico
278 1497 413 1540 volentibus
424 1497 546 1542 Armeniis
561 1495 697 1548 impositus.
708 1495 802 1536 Drusus
816 1494 948 1536 Germanos
957 1491 989 1533 ad
999 1490 1050 1533 dis-

125 1577 127 1582 *
165 1555 264 1599 cardias
273 1557 355 1599 illicit.
365 1555 525 1612 Rhescuporis
536 1569 580 1597 ren
590 1552 709 1596 Thracum
719 1553 820 1596 Romam
832 1552 979 1608 perducitur.
992 1553 1051 1593 Ger·

168 1618 279 1659 manitus
287 1649 292 1670 ‚
301 1617 405 1659 lustrata
414 1615 533 1674 AEgypto,
549 1629 667 1667 regressus
679 1618 704 1657 iu
715 1618 815 1667 Syriam
827 1649 832 1665 ,
843 1621 865 1657 et
876 1614 974 1657 Pisonis
981 1626 1048 1654 acen

167 1675 282 1719 bitatihus
292 1678 441 1731 exagitatus,
453 1679 591 1720 arrtieitiarn
601 1679 625 1719 ei
634 1679 760 1718 renunciat
770 1691 778 1718 .·
788 1676 830 1719 sed
840 1687 897 1718 mon
908 1673 1046 1717 Antiochia

163 1740 338 1790 exstinguitur,
350 1750 397 1780 non
410 1738 464 1779 sine
475 1737 611 1792 suspicione
625 1738 719 1779 veneni.-
736 1740 849 1780 Pisonem
859 1737 955 1785 syriam
971 1737 1047 1778 armis

166 1805 311 1852 repetentem
326 1799 423 1841 Seruius
434 1800 551 1855 reprimit,
564 1798 676 1841 Honores
691 1805 785 1841 mortuo
804 1798 948 1840 Germanico
961 1796 1042 1837 Roma

162 1858 263 1912 decreti.
273 1859 413 1910 Sanctiones
427 1858 660 1906 eontramuiieirrem
675 1857 860 1915 impudicitiam.
877 1859 949 1908 Virgo
959 1857 1047 1902 Vesta-

167 1919 200 1960 iis
212 1928 298 1976 capta,
313 1921 438 1966 Arminius
452 1919 508 1969 dolo
520 1921 710 1979 propinquorum
728 1931 809 1963 coesus.
824 1918 884 1962 Haec
896 1925 958 1977 gesta
973 1921 1046 1962 annis

70 2011 77 2040 t
156 1987 283 2040 ,quatuoru'

269 2114 300 2162 r.
313 2112 412 2162 suum
423 2112 527 2163 suenus
537 2114 624 2163 unns
636 2149 642 2171 ,
655 2124 681 2163 u
691 2098 726 2162 ιζ
741 2111 873 2161 sunosio
883 2113 986 2163 niune.

164 2212 230 2262 cm
271 2183 299 2226 tt.
315 2180 414 2226 Caruilio
427 2179 509 2236 Rufo,
522 2193 548 2228 et
558 2181 590 2228 L.
604 2180 746 2243 Pomponio
761 2180 860 2228 Flacco.

232 2244 239 2259 ⁸
270 2243 372 2289 Tiberio
381 2245 481 2290 Caesare
492 2243 601 2306 August.
615 2243 670 2300 111,
682 2255 707 2290 et
719 2246 871 2294 Germanico
883 2246 978 2294 Caessre
989 2242 1024 2295 Ii.

271 2305 310 2355 Μ.
321 2307 397 2354 Junio
408 2305 495 2376 Sileno
503 2343 510 2366 ,
525 2319 551 2356 et
564 2307 593 2355 C·
606 2306 729 2357 Norbano
743 2308 844 2360 Flacco.

141 2449 163 2521 i.
175 2421 330 2503 St‘suuun
347 2450 445 2498 Statilio
462 2451 565 2510 Tauro,
586 2450 616 2501 L.
635 2451 732 2502 Libone
752 2455 825 2504 Coss.
844 2467 913 2504 mota
930 2453 1045 2504 Orientis

142 2538 233 2588 regnu,
253 2523 437 2589 provinciasque
455 2526 590 2584 Romane,
610 2526 683 2575 initio
700 2528 767 2593 apud
787 2528 893 2577 Parthos
909 2538 982 2583 orto,
997 2531 1045 2591 qni

142 2597 251 2668 petitum
256 2595 338 2646 Romi
347 2610 527 2663 acceptumque
537 2615 633 2664 regem,
643 2603 758 2664 quamvis
767 2603 848 2666 gentis
856 2598 1045 2661 Arsacidarum,

141 2681 172 2717 ut
183 2682 315 2720 externum
327 2674 534 2740 aspernabantur.
545 2676 570 2724 ts
582 2672 630 2725 fuit
639 2674 774 2731 Vonones,
785 2676 859 2723 obses
870 2675 985 2741 Augusto
996 2674 1044 2724 dn·

140 2743 211 2792 tusi
230 2742 347 2795 Phraate.
358 2747 424 2796 Nam
436 2747 570 2807 Phraates,
587 2764 731 2814 quanquam
750 2746 888 2812 depulisset
904 2749 1047 2808 exercitus,

143 2817 267 2884 ducesque
280 2821 419 2878 Romanos,
428 2834 518 2870 cuncta
526 2824 701 2873 venerantium
711 2823 789 2872 officio
796 2820 979 2884 adAugustnm
986 2838 1047 2870 ver-

141 2904 209 2941 terat
217 2929 227 2951 ,
245 2906 392 2958 partemque
404 2895 483 2958 prolis
499 2896 627 2946 firmandae
638 2896 751 2945 anricitiae
766 2894 888 2940 miserat:
907 2890 976 2939 baud
991 2909 1043 2960 pe-

138 2965 213 3015 rinde
226 2965 304 3012 nostri
316 2976 402 3021 metu,
415 2966 491 3031 qu'am
502 2968 562 3017 fidet
573 2972 732 3035 popularium
743 2964 846 3015 diffistu.

173 3036 209 3090 11,
227 3034 289 3084 Post
300 3036 376 3084 finem
385 3035 498 3102 Phraatis
511 3053 537 3089 et
546 3044 706 3106 sequentium
714 3054 814 3105 regum,
826 3037 861 3087 ob
871 3037 984 3087 internas
994 3056 1044 3087 en-
1099 3053 1100 3058 ’

141 3109 187 3160 des
195 3146 202 3168 ,
211 3107 302 3158 venire
313 3110 339 3157 in
348 3109 444 3160 Urbem
452 3113 550 3178 legatia
564 3116 717 3179 primoribus
725 3112 842 3174 Parthis,
854 3111 898 3177 qui
906 3108 1042 3165 Vononem

140 3183 341 3231 vetustissimum
356 3184 495 3254 {iberorum
505 3188 558 3248 ejus
571 3188 695 3235 accirent.
708 3187 873 3253 Magnificum
886 3185 911 3233 'nt
924 3188 972 3235 sibi
984 3203 1043 3235 ore·
1099 3179 1100 3188 ¹

142 3252 209 3301 slidis
221 3256 316 3315 Cesar,
332 3259 452 3320 nutritque
464 3262 565 3326 opibus.
580 3261 612 3307 Et
623 3261 740 3324 accepire
756 3263 857 3310 barbari
869 3263 995 3322 letantes,
1014 3271 1043 3308 ut
1060 3307 1063 3314 ,

140 3323 263 3372 fermenti
278 3343 343 3376 nova
355 3329 471 3392 imperis.
485 3332 547 3379 Mox
559 3332 627 3378 subit
639 3332 740 3394 pudor,
753 3334 962 3398 «degeneravisse
980 3334 1043 3382 Par·
1098 3347 1099 3352 ’

142 3394 201 3445 thos
211 3413 217 3445 ;
229 3399 336 3462 petitum
349 3401 398 3449 alio
409 3418 440 3464 en
449 3404 510 3452 orbe
519 3420 604 3468 regem
610 3401 723 3454 hostium
734 3407 978 3459 uunusioteotum:
992 3406 1042 3470 jem
