2234 3817
148 150 198 202 262
229 179 237 188 =
429 167 436 178 =
466 159 490 198 c.
509 155 605 197 cour.
623 153 755 220 rtcrntu'

150 245 310 298 exterritum.
321 243 403 309 igitur
411 243 539 306 centurio,
550 242 596 292 ubi
605 241 693 307 effugia
706 241 772 291 vitta
782 231 886 306 ci'attait,
897 237 966 310 {utta
978 243 1071 310 impe·

151 320 243 369 ratoris
254 319 356 369 Ostorio
365 319 455 381 aperit.
462 319 487 366 Ia
494 315 672 366 fortitudinem
679 315 813 365 adversum
821 315 907 366 hortea
917 315 983 382 saepi
993 333 1075 383 spec·

151 404 230 442 tetam
241 392 267 439 in
279 406 304 438 ae
314 389 400 438 vertit·
416 390 449 437 Et
459 390 517 452 quia
532 404 618 444 rene,
631 404 777 453 quanquam
794 388 956 454 interruptae,
969 390 1074 455 parimt

150 465 279 529 sanguinis
289 461 467 526 effundebant,
481 459 605 510 hacteuira
619 477 694 509 manu
708 459 775 510 aerri
790 475 864 519 traua,
878 472 907 510 ut
923 462 1074 514 immotum

150 537 287 604 pugionem
297 534 444 592 extolleret,
453 533 579 600 adpressit
588 534 702 604 dextram
712 534 765 596 ejus
774 571 781 591 ,
793 532 930 599 juguloque
939 535 1073 584 occurrit·

184 610 255 658 XVI.
270 607 387 657 Etiamsi
403 606 472 655 bella
485 619 606 670 externa,
618 619 644 656 et
655 608 736 656 obitas
752 622 801 673 pro
817 607 947 673 republica
965 618 1072 656 mortes

150 683 219 731 tanti
233 696 336 729 casuum
345 680 513 730 similitudine
528 696 698 730 memorarem
707 716 715 739 ,
725 696 816 745 meque
828 682 910 747 iprum
922 683 999 731 aatiaa
1020 696 1073 730 ce-

150 757 243 821 piaret,
258 754 416 818 aliorumque
432 752 536 801 tedium
553 765 739 819 exspectarem,
754 754 871 817 quamvis
888 752 1072 803 honestos-ci·

150 829 221 878 rium
234 827 329 885 exitus,
342 828 427 876 tristes
439 837 523 875 tamen
533 838 559 874 et
568 827 704 876 continuos
713 826 919 892 ndrpernantitim
931 845 937 876 ι
952 838 979 877 at
994 843 1070 877 nnnc

147 900 275 967 patientia
284 900 395 960 servilis,
407 912 556 963 tantumque
570 899 697 965 sanguinis
712 899 783 949 domi
795 899 938 965 perditum,
953 899 1071 965 fatigant

153 977 319 1037 animum,'et
334 975 453 1023 moestitid
465 974 632 1039 restringunt.
648 976 737 1040 Neque
749 975 825 1024 aliam
844 971 1021 1024 defensionem
1035 975 1069 1024 ab

153 1050 200 1112 iis,
218 1048 310 1111 quibua
324 1049 372 1095 ista
389 1058 540 1105 noscentur,
562 1049 702 1112 exegerim,
723 1046 818 1112 quim,
839 1064 872 1097 ne
891 1047 992 1097 oderim
1012 1060 1071 1098 tam

154 1122 264 1186 segniter
272 1132 417 1185 pereuntes.
430 1120 470 1169 Ira
481 1119 523 1167 illa
534 1120 668 1169 numinum
679 1122 706 1170 iu
717 1137 757 1170 rea
767 1124 894 1169 Romnae
908 1120 958 1171 fuit
968 1157 975 1181 ,
986 1137 1069 1186 qnam

154 1211 206 1244 non
216 1229 223 1251 ‚
235 1206 264 1243 us
274 1196 300 1242 iu
320 1193 435 1242 cladibus
446 1194 618 1252 exercituum,
636 1205 680 1243 aut
691 1195 837 1261 captivitate
852 1194 968 1255 urbium,
984 1195 1069 1246 semei

154 1257 246 1317 cdiism
260 1267 365 1316 transire
379 1268 447 1317 licet
468 1266 548 1313 Detur
559 1266 609 1315 hoc
625 1267 764 1317 iliuatrium
776 1268 889 1316 virorum
900 1267 1066 1332 posteritati,

154 1352 196 1396 ut,
207 1338 335 1404 quomodo
345 1338 467 1403 eaa‘equiia
479 1336 494 1386 i
504 1339 649 1403 promiscua
661 1340 791 1406 sepulturi
804 1352 962 1407 separantur,
975 1342 1026 1404 ita,
1037 1343 1068 1392 in

153 1413 290 1462 traditione
312 1429 503 1479 supremorum,
522 1413 654 1478 <accipiant
674 1413 833 1479 halieantque
855 1416 984 1481 propriam
1008 1430 1067 1464 mc·

157 1499 275 1534 mortam.

187 1553 272 1605 xvu.
283 1553 381 1603 Paucos
389 1558 483 1621 quippe
495 1556 560 1606 intra
571 1555 638 1613 dies,
648 1549 736 1603 eodem
744 1556 845 1618 agmine
852 1557 962 1606 Annaeus
971 1558 1066 1619 Mella,

155 1628 260 1679 Cerialis
268 1626 388 1679 Anicius,
400 1627 488 1674 liutius
499 1625 645 1690 Crispinus,
658 1640 688 1671 ac
696 1626 833 1677 Petronius
841 1630 967 1680 ceciddre.
982 1631 1067 1684 Mella

153 1701 326 1766 etCriapinus,
336 1699 433 1764 equites
442 1699 550 1746 Romani
559 1733 567 1756 ,
577 1698 700 1763 dignitate
707 1697 850 1748 senatorii:
860 1719 917 1754 narn
928 1701 971 1750 hic
978 1720 1066 1766 quon·

154 1776 211 1827 dam
224 1775 355 1841 prefectus
367 1773 494 1839 pretorii,
511 1779 539 1821 et
547 1771 724 1821 consularibus
735 1769 881 1837 insignibus
887 1773 997 1822 donatus
1007 1810 1015 1832 ,
1032 1790 1068 1824 ac

151 1866 232 1916 nuper
244 1849 350 1898 crimine
361 1847 541 1911 coniurationis
555 1847 582 1895 in
591 1844 733 1895 Sardiniam
744 1857 862 1901 mactus,
873 1857 977 1911 accepto
987 1848 1064 1911 iussae

154 1923 245 1972 mortis
254 1922 360 1981 nuntio,
371 1933 452 1970 semet
463 1918 597 1969 interiecit.
609 1918 687 1969 Mella
697 1953 703 1974 ,
714 1916 805 1981 quibua
817 1916 901 1967 Gallio
910 1929 936 1966 et
949 1918 1059 1984 Seneca,

155 1997 301 2065 parentibus
312 2009 401 2054 natus,
419 1996 541 2060 petitione
557 1993 685 2042 honorum
699 1991 870 2053 abstinuerat,
882 2007 926 2057 per
935 1992 1060 2040 ambitio·

153 2087 213 2121 nem
222 2081 409 2137 praeposteram,
419 2082 446 2118 ut
453 2072 669 2133 equesRumanua
678 2065 852 2116 consularibus
859 2068 972 2132 potentii
979 2083 1061 2131 aequa·

133 2145 136 2150 ’
153 2157 223 2194 retur
234 2143 330 2191 :aimul
342 2142 497 2206 acquireudae
507 2143 619 2208 pecunie
630 2142 732 2191 brevius
744 2141 793 2189 iter
805 2140 935 2203 credebat,
944 2156 990 2205 per
1000 2156 1062 2205 pro-

155 2218 297 2264 curationes
320 2212 526 2262 administrandis
553 2215 678 2279 principis
704 2215 819 2277 negotiis.
845 2214 917 2262 idem
941 2215 1061 2263 Aunreuna

153 2287 284 2336 Lucanum
293 2299 426 2346 genuerat,
436 2286 531 2348 grande
543 2286 719 2346 adiumentum
731 2282 890 2332 claritudinis
900 2293 969 2348 sque
980 2288 1060 2333 iuter·

154 2360 237 2416 secto,
251 2358 312 2406 dum
331 2372 385 2405 rem
402 2357 551 2406 familiarem
569 2359 624 2420 ejus
643 2359 736 2404 acriter
752 2357 871 2419 requirit,
889 2370 1060 2406 accusatorem

153 2431 265 2482 concivit
281 2431 384 2479 Fabium
394 2433 554 2492 Romanum,
573 2447 604 2493 es
619 2430 716 2478 intimis
734 2429 830 2478 Lucani
845 2431 940 2478 amicis.
959 2431 1058 2479 ‹rMirt'e

154 2511 219 2558 inter
228 2518 326 2573 patrem
337 2504 467 2568 titiumque
478 2503 661 2566 conjurationis
672 2501 780 2551 acientia
794 2502 917 2565 fingitur»
923 2540 931 2562 ,
944 2502 1056 2553 adrime-

153 2580 212 2635 latis
223 2580 316 2629 Lucani
326 2578 420 2626 litteris
431 2594 437 2625 ε
452 2592 513 2640 quaa
529 2578 653 2641 inspectas
664 2574 734 2624 Nero
745 2572 828 2622 uferri
842 2572 941 2623 adeum
947 2594 965 2623 n
975 2576 1055 2636 inuit,

110 2667 115 2670 “
156 2658 248 2724 opibus
256 2655 309 2716 ejus
320 2651 428 2701 inhians.
440 2649 474 2700 At
483 2650 559 2699 Mella
568 2685 575 2708 ,
585 2659 703 2713 quactum
713 2649 903 2714 promptissime
911 2650 998 2697 mortis
1005 2650 1054 2707 ria,

154 2730 364 2778 exsolvit'renaa:
380 2726 480 2790 acriptis
492 2723 617 2771 codicillis
627 2758 633 2780 ,
643 2722 734 2786 quibua
750 2719 871 2786 grandem
889 2722 1016 2785 pecuniam
1029 2721 1053 2769 in

146 2802 316 2865 Tigellinum,
325 2813 496 2863 generumque
505 2798 558 2860 eiua
569 2799 749 2846 Cossutianum
759 2795 924 2861 Capitonem,
934 2791 1055 2857 erogabat,

154 2873 207 2937 qud
220 2884 302 2922 cetera
320 2884 461 2921 manerent.
470 2871 582 2921 Additur
592 2868 731 2928 codicillis,
745 2879 863 2931 tauquam
876 2865 915 2912 de'
924 2864 1053 2928 iniquitate

154 2945 224 2993 anitii
241 2959 348 3007 quereus
359 2943 393 2990 its
410 2940 566 3007 scripsissem
585 2957 631 2989 uae
649 2939 752 3005 quidem
769 2939 834 2986 mori
845 2937 922 2984 nuliis
938 2937 1053 3001 supplicii

155 3016 252 3074 causis,
276 3014 375 3062 Rullum
394 3027 479 3063 tamen
499 3015 661 3080 Crispinum,
679 3024 706 3061 et
726 3012 846 3062 anicium
865 3007 988 3057 Cerialem
1004 3010 1053 3058 virt

155 3090 219 3153 frui,
232 3087 345 3137 infensos
360 3089 508 3154 principia:
529 3106 583 3153 quae
594 3089 734 3153 composita
749 3083 931 3141 credebantur,
944 3082 974 3134 de
987 3083 1053 3131 uu-

130 3227 137 3236 *
155 3167 231 3235 pino,
242 3166 299 3229 quia
312 3163 458 3212 interiectus
467 3175 520 3212 erat
530 3198 537 3221 ,
549 3162 581 3211 de
596 3161 710 3221 Ceriale,
723 3172 753 3209 ut
763 3159 947 3209 interficeretur
960 3174 966 3206 ι
978 3172 1050 3221 neque

157 3244 224 3290 enim
239 3238 320 3286 muitd
331 3237 390 3301 pdst
405 3238 457 3285 vim
475 3237 524 3284 sibi
540 3236 641 3293 attulit,
653 3236 754 3288 minore
769 3232 845 3299 quim
863 3232 941 3281 ceteri
957 3233 1053 3279 mirera-

156 3314 235 3370 tionc‚
244 3312 302 3376 quia
310 3311 435 3375 proditam
446 3310 575 3359 Cecaesari
584 3309 785 3372 conjurationem
798 3307 830 3354 ab
839 3321 870 3354 eo
882 3303 1048 3353 meminerant.

189 3384 290 3435 xvtu.
300 3384 339 3433 De
350 3384 378 3434 C.
394 3382 514 3435 Petronio
525 3395 604 3451 pauca
620 3380 696 3450 anpri
708 3377 846 3449 repetentia
860 3388 933 3434 aruit.
947 3374 1052 3427 rtmtttt
