2234 3817
294 109 296 113 ⁷
342 130 579 180 ursaonraauu
595 131 736 171 sesnin
938 120 988 195 599

81 216 135 266 lito
150 216 210 266 lusu
223 217 369 280 remittens,
388 228 415 266 et
432 215 569 266 diffidentia
583 233 716 282 properus,
734 215 853 267 festinare
869 220 986 279 comitia,
1057 256 1060 263 ,

83 290 179 354 duilius
189 293 305 341 consules
318 294 342 341 in
356 293 451 343 multos
467 308 547 340 annos
560 290 719 354 destinabat:
732 290 823 340 foedera
833 295 920 351 sociis,
935 295 989 342 La-

81 366 151 414 tium
163 369 273 415 externis
288 366 417 430 dilargiri:
435 365 475 412 liis
497 363 591 412 tributa
609 363 749 427 dimittere5
764 366 825 413 alios
837 366 989 415 immunita-

80 440 153 491 tibus
162 440 249 505 juvare
262 459 267 489 :
277 441 386 504 denique
397 440 464 487 nulla
473 441 498 487 in
508 449 639 503 posterum
647 439 716 493 cuni,
726 440 833 488 lacerare
843 442 987 506 imperinm.

80 512 136 561 Sed
149 510 240 580 vulgus
253 514 284 564 ad
298 513 498 578 magnitudinem
513 513 693 561 beneficiorum
709 512 811 562 aderat:
826 516 989 564 stultissimus

82 587 192 650 quisque
202 588 317 653 pecuniis
331 587 508 636 mercabatur:
521 585 589 651 apud
601 587 728 652 sapientes
739 602 807 634 cassa
821 586 989 648 habebantur,

15 712 18 719 f
83 675 142 722 quae
155 677 236 725 neque
253 662 322 721 dari,
335 677 415 724 neque
430 662 524 725 accipi,
538 661 606 708 salva
620 660 900 733 republica‚poterant
916 662 989 711 Tan·

83 729 145 779 clem
163 733 292 799 flagitante
303 735 430 796 exercitu,
445 751 487 797 qur
480 732 645 785 Mevaniam
660 726 785 781 insederat
796 751 903 798 magno
916 752 989 785 sena·

82 816 174 854 ¹torum
197 812 311 874 agmine,
330 814 438 875 quorum
460 807 555 855 multos
579 809 734 864 ambitione,
752 808 837 871 plnres
853 808 989 858 formidine

80 876 212 943 trahebat,
239 885 265 930 in
288 894 368 933 castra
389 881 473 941 veuit3
495 880 608 930 incertus
626 880 719 940 animi,
739 892 764 928 et
782 880 864 941 inlidis
878 882 989 935 consiliis
1008 940 1013 952 ¹

83 950 223 1003 obnoxius.

299 1022 302 1039 l

116 1052 187 1111 LVI.
207 1053 376 1103 Conclouanti
388 1048 576 1122 (prodigiosum
585 1051 665 1117 dictu)
677 1056 774 1100 tantum
787 1051 909 1103 lesdarum
918 1056 989 1104 rolu-

83 1126 155 1176 crum
175 1129 383 1192 supervolitavit,
401 1141 430 1177 ut
446 1129 511 1176 nube
529 1127 584 1175 atrii
602 1126 669 1174 diem
683 1125 859 1177 obtenderent.
875 1128 989 1178 Accessit

84 1199 169 1248 dirum
182 1218 273 1265 onies,
288 1201 415 1267 profugus
427 1202 550 1251 altaribus
559 1213 663 1259 taurus,
677 1200 781 1262 disiecto
793 1202 906 1249 sacrificii
916 1221 991 1268 appa·

83 1277 159 1331 ratu,
169 1274 260 1339 louge,
273 1293 321 1323 nec
331 1275 375 1323 nbi
390 1274 460 1324 feriri
471 1275 635 1339 hostiasmos
645 1281 699 1334 est,
713 1274 852 1323 confossus.
866 1275 916 1322 Sed
926 1287 990 1340 pra-⁴

88 1347 189 1410 eipuum
199 1349 253 1413 ipse
264 1349 388 1400 Vitellius
395 1351 521 1397 ostentum
533 1360 595 1409 erat,
607 1350 706 1412 ignarus
718 1348 822 1411 militie,
834 1347 991 1412 improvidus

89 1414 200 1479 consilii,
212 1438 227 1467 u
241 1420 298 1482 quis
309 1418 372 1467 ordo
384 1420 490 1483 agminis
503 1456 509 1474 ,
522 1436 576 1484 qun
588 1434 647 1466 cura
660 1419 820 1482 explorandi,
830 1430 936 1483 quantus
948 1437 992 1468 ur-

11 1492 12 1499 ’
90 1489 172 1555 gendo
187 1491 340 1541 trahendove
358 1493 426 1541 bello
443 1491 577 1551 modusn,
593 1492 656 1540 alios
676 1494 799 1555 rogitans,
815 1504 841 1540 et
856 1492 992 1543 adsumes

88 1566 206 1628 nuntios,
227 1567 301 1615 vultu
323 1584 423 1631 quoque
442 1578 468 1615 et
484 1569 584 1616 incessu
602 1565 743 1631 trepidus,
749 1566 809 1614 dein
827 1566 990 1617 temulentus.
1045 1574 1048 1579 ’

11 1646 12 1651 ’
88 1639 221 1690 Postremi)
234 1642 471 1699 santonensium,
483 1654 508 1690 et
519 1643 604 1700 {indita
617 1641 757 1689 delectione
769 1641 921 1688 Misenensis
929 1642 993 1690 clas

87 1714 135 1774 sis,
152 1715 261 1762 Romam
283 1717 401 1777 revertit,
421 1716 622 1764 recentissimum
639 1714 757 1779 quodque
771 1716 863 1762 vulnus
880 1731 990 1778 pareus,

11 1793 13 1801 '
88 1791 179 1837 summi
190 1788 357 1837 discriminis¹
351 1792 500 1839 mentiosus.
508 1790 574 1837 Naro
582 1805 660 1851 quum
670 1787 810 1847 ssffansgiedt
821 1790 990 1852 Apenninum,

11 1867 13 1874 '
89 1861 189 1924 integro
199 1862 323 1911 exercitiis
336 1866 375 1909 sui
387 1864 492 1921 robore,
505 1872 531 1907 et
539 1861 618 1907 fessos
632 1859 715 1905 hieme
725 1871 799 1920 atque
811 1860 894 1923 inopiis
906 1861 990 1910 hostes

11 1942 13 1950 '
91 1933 210 1997 adgredi,
223 1939 247 1983 iu
261 1936 438 2002 aperto-iorem
451 1934 512 1981 dum
523 1931 647 1997 dispergit
660 1932 742 1994 vires,
756 1936 905 1978 acerrimum
920 1934 990 1980 mili-

11 2008 12 2017 *
90 2015 159 2068 tem,
170 2019 194 2057 et
203 2026 279 2073 usque
289 2013 314 2058 in
325 2021 436 2057 extrema
448 2008 613 2063 obstinatum,
624 2003 801 2053 trucidandum
812 2039 818 2057 ‚
830 2005 993 2068 capiendum·
1005 2029 1007 2033 ¹

20 2104 23 2110 ¹
91 2094 142 2142 que
162 2078 273 2144 tradidit,
294 2084 453 2150 peritissimis
469 2083 649 2133 centurionum
671 2081 890 2140 dissentientibus,
909 2092 947 2140 et,
969 2083 998 2130 εἰ·

93 2156 296 2209 consulerentur,
310 2175 367 2214 sera
387 2156 501 2204 dicturis.
518 2153 629 2203 Arenae
640 2170 682 2201 eos
696 2155 780 2202 intimi
791 2155 930 2201 amicorum
939 2154 991 2203 Vi-

91 2228 172 2285 tellii,
185 2229 218 2291 ita
231 2227 345 2279 scrutatis
357 2230 477 2295 principis
491 2229 611 2288 auribus,
624 2239 654 2274 ut
667 2245 766 2294 aspera,
780 2244 834 2293 quae
845 2227 929 2288 utilia,
944 2244 991 2278 nec

90 2300 241 2365 quidquam,
253 2305 302 2353 nisi
313 2303 451 2367 jucundum
463 2315 488 2353 et
498 2305 629 2362 laesurum,
643 2305 778 2370 acciperet.
797 2305 799 2308 ⁴

100 2394 105 2403 ¹
123 2402 203 2456 LVII.
221 2405 272 2453 Sed
287 2407 392 2455 classem
412 2406 582 2455 Misenensem
601 2404 709 2472 (tantum
726 2405 843 2454 civilibus
859 2403 991 2454 discordiis

88 2475 167 2524 etiam
179 2477 337 2542 singulorum
349 2479 450 2528 audacia
463 2478 539 2544 valet)
550 2478 850 2532 ClaudiusFarentinus‚
862 2481 991 2541 centurio,
1035 2516 1038 2521 .

88 2564 135 2610 per
152 2550 319 2613 ignominiam
336 2550 350 2598 ia
366 2550 446 2599 Galba
461 2552 592 2607 dimissus,
603 2551 636 2600 ad
649 2551 815 2600 defectionem
828 2548 994 2607 traxit,'fictis

88 2621 242 2686 Vespasiani
253 2625 365 2686 epistolis
374 2626 484 2690 pretium
495 2625 645 2688 proditionis
655 2636 792 2674 ostentans.
805 2623 913 2669 Praeerat
921 2623 994 2670 classi

89 2692 217 2742 Claudius
232 2693 401 2758 Apollinaris,
421 2714 501 2762 neque
517 2696 576 2744 fidei
591 2707 723 2749 constans,
738 2710 819 2755 neque
834 2704 951 2741 strenuus
967 2693 994 2742 in

88 2764 196 2831 persidii
209 2784 214 2814 :
227 2778 252 2815 et
262 2766 369 2834 Apinius
378 2773 454 2824 Tiro.
465 2768 574 2834 praeturis
588 2767 696 2823 iunctus,
705 2778 735 2813 ac
748 2779 801 2814 tum
812 2764 876 2814 forte
886 2766 995 2813 Mintur·

89 2839 131 2886 nis
147 2855 233 2903 agens,
256 2839 348 2892 ducem
364 2860 390 2891 se
407 2842 576 2891 defectoribus
591 2840 705 2886 obtulit:
720 2838 735 2886 ὲ
750 2838 840 2903 quibus
856 2839 995 2904 municipia
1052 2842 1056 2845 ’

87 2912 244 2976 coloniaeque
263 2916 376 2980 impulsae
391 2933 397 2964 ε
412 2918 538 2980 precipuo
554 2913 753 2961 Puteolanorum
768 2913 793 2960 iu
809 2911 995 2976 Vespasianum

86 2984 189 3045 studio,
206 2988 294 3036 contria
310 2991 395 3054 Capud
410 2989 518 3039 Vitellio
536 2986 599 3042 fida,
611 2986 795 3050 'municipalem
808 2986 995 3034 emulationem

86 3058 162 3107 bellis
175 3062 293 3111 civilibus
304 3065 452 3113 miscebant.
462 3063 582 3113 Vitellius
592 3060 728 3110 Claudium
736 3060 866 3107 lulianum
875 3059 905 3122 (is
914 3075 995 3124 nuper

83 3133 192 3182 classem
205 3136 375 3186 Misenensem
386 3136 458 3183 molli
475 3135 582 3199 imperio
600 3135 711 3199 rexerat)
725 3131 912 3197 permulcendis
926 3132 997 3179 rnili-

87 3216 143 3253 tum
156 3223 249 3256 animis
262 3209 378 3266 delegit
373 3207 467 3255 data
462 3224 487 3254 m
502 3208 624 3255 auxilium
636 3207 731 3254 urbana
742 3204 844 3263 cohors
860 3216 885 3250 et
897 3203 996 3267 gladia

88 3290 170 3333 tores
181 3280 274 3343 quibus
287 3283 402 3332 Julianus
414 3292 527 3352 praecinat
538 3280 576 3328 Ut
589 3281 678 3327 collata
691 3281 915 3342 utrimquecastra,
928 3275 996 3323 haud

29 3384 31 3387 -
83 3352 176 3420 magnai
187 3360 350 3411 cunctatione
361 3358 374 3407 J
377 3356 476 3406 uliano
470 3373 496 3408 tn
504 3367 592 3422 partes
601 3355 752 3421 Vespasiani
763 3365 925 3418 transgresso,
934 3350 995 3412 Tar·¹
