2234 3817
156 152 208 207 054
417 199 419 202 ¹
466 150 491 188 e.
509 147 604 187 eona.
629 144 749 188 uterer

159 252 287 302 Antenore
299 232 436 299 institutis,
450 231 539 281 babitu
555 231 648 296 tragico
659 230 784 278 cecinerat
800 243 807 275 r
821 225 862 276 die
877 240 996 291 quoque,
1006 224 1060 289 qud

158 334 249 394 praetor
262 311 399 366 Antistius,
409 306 443 355 ob
453 306 546 371 probra
557 305 582 352 in
597 302 725 353 Neronem
736 302 887 366 composita,
901 297 933 347 ad
946 310 1059 347 mortem

157 392 337 449 damnabatur,
351 380 448 430 mitiora
457 379 555 427 censuit
565 375 725 437 obtinuitque
737 390 743 421 z
756 384 783 421 et
794 389 872 437 quum
880 369 956 420 dedm
964 367 1058 420 horio-

157 488 198 522 res
213 469 323 529 Poppaea
334 456 546 509 decernerentur,
562 447 652 516 sponte
662 448 751 496 absens
761 482 768 505 ,
779 446 861 495 funeri
869 462 920 492 non
931 443 1059 493 interfuit.

157 547 219 609 Qus.
231 531 369 587 oblitterari
381 543 432 575 non
443 525 542 572 sinebat
554 523 641 587 Capito
653 521 831 576 Cossutianus,
843 528 933 584 praeter
941 518 1059 565 animum

155 621 188 674 sd
196 612 287 679 flagitia
295 603 464 672 precipitem,
475 598 591 647 inimicus
603 594 733 656 Thraseae,
746 594 815 659 qubd
831 592 980 642 auctoritate
999 588 1059 653 eius

156 686 325 744 concidisset,
339 674 446 740 iurantis
456 671 564 723 Cilicum
576 671 689 735 legatos,
700 668 762 718 dum
773 668 922 734 Capitonem
932 675 1059 731 repetun-

154 764 244 814 darum
256 759 419 816 interrogant.

186 832 274 884 XXll.
286 826 355 891 Quin
364 833 390 871 et
398 822 441 870 illa
449 817 604 883 objectabat:
614 815 759 882 «principio
766 814 825 863 anni
833 814 911 862 vitare
919 810 1060 861 Thraseam

157 910 270 963 solentne
288 893 480 962 iusiurandum,
496 887 727 954 nuncupationibus
748 899 867 936 votorum
883 901 936 933 non
955 883 1060 944 adesse,

156 979 271 1051 quamvis
279 966 495 1038 quindecimvirali
503 961 644 1012 sacerdotio
654 959 802 1025 praeditum:
819 973 948 1022 nunquam
956 971 1004 1022 pro
1014 970 1061 1004 sa·

156 1061 211 1109 lute
228 1046 362 1119 principis,
373 1052 417 1089 ant
432 1037 527 1088 coelesti
537 1050 599 1083 voce
611 1034 798 1081 immolavisse:
813 1030 944 1080 assiduum
959 1028 1021 1077 olim
1033 1038 1062 1079 et

157 1127 310 1179 indefessum
322 1155 328 1172 ,
340 1115 383 1180 qni
395 1110 538 1174 vulgaribus
551 1122 651 1171 quoque
665 1116 766 1171 patrum
784 1103 905 1153 consultis
916 1114 996 1151 semet
1004 1100 1062 1150 fau·

129 1221 135 1224 “
156 1214 254 1257 torem,
268 1205 312 1244 aut
324 1185 493 1237 adversarium
508 1179 666 1233 ostenderet,
681 1179 789 1227 triennio
800 1194 851 1226 nou
870 1176 995 1225 introiisse
1010 1191 1061 1224 cu·

159 1276 239 1325 riam:
252 1259 443 1333 nuperrimeque
447 1292 455 1314 ,
466 1270 557 1319 quum,
568 1252 600 1301 ad
609 1250 762 1302 coercendos
770 1253 881 1300 Silanum
891 1262 917 1299 et
929 1250 1061 1312 Veterem,

159 1344 275 1397 certatim
288 1341 494 1387 concurreretur,
508 1325 612 1391 privatis
623 1322 710 1390 potitis
718 1325 848 1373 clientium
860 1324 969 1388 negotiis
981 1337 1061 1371 vaca-

159 1423 225 1470 visse
237 1434 244 1464 :
258 1411 422 1465 secessionem
431 1403 480 1465 iarn
490 1398 531 1455 id,
545 1410 569 1447 et
580 1410 679 1463 partes,
688 1409 715 1446 et
727 1400 748 1448 si
764 1398 829 1447 idem
846 1399 920 1446 multi
933 1396 1061 1454 audeant,

157 1493 255 1542 bellum
266 1501 329 1533 esse.
343 1481 377 1528 Ut
389 1473 523 1541 quondam
531 1472 562 1518 C.
578 1471 699 1519 Caesareru
709 1488 723 1517 u
735 1506 742 1527 ‚
754 1472 849 1535 inquit,
864 1489 877 1515 n
889 1482 914 1518 et
926 1471 962 1519 Μ.
976 1473 1061 1520 Cato.

157 1580 214 1615 nem
225 1582 231 1621 3
242 1561 278 1606 ita
289 1569 356 1604 nune
367 1561 408 1608 te,
418 1550 501 1597 Nero.
511 1554 536 1591 et
546 1542 684 1590 Thraseam
692 1541 765 1589 avida
778 1542 959 1592 discordiarum
970 1542 1064 1591 ciritae

149 1634 279 1700 loquitur.
294 1629 324 1678 Et
337 1623 411 1678 habet
423 1621 574 1671 sectatores,
587 1615 625 1661 rel
639 1612 727 1678 potiris
740 1616 877 1674 satellites,
890 1618 933 1679 qui
944 1615 1063 1665 nondum

159 1703 340 1763 contumaciam
352 1688 529 1741 sententiarum
539 1720 544 1737 .
556 1683 601 1732 sed
612 1684 726 1733 habitum
737 1687 886 1750 vultumque
894 1690 947 1750 ejus
955 1685 1063 1737 sectan-

159 1796 200 1836 tur
209 1819 214 1838 ‚
223 1774 298 1842 rigidi
309 1783 335 1820 et
342 1767 442 1827 tristes,
452 1756 503 1825 qud
514 1757 562 1809 tibi
571 1757 700 1807 lasciviam
710 1758 870 1824 exprobrent.
884 1760 949 1806 Huic
962 1762 1006 1806 uni
1017 1761 1067 1812 in,

85 1909 89 1916 ,
158 1854 291 1908 columitas
297 1859 340 1894 tua
349 1840 402 1889 sine
412 1846 465 1884 arte
473 1868 480 1890 ,
488 1831 542 1881 s'rne
551 1831 657 1881 honore.
667 1831 803 1897 Prosperes
810 1832 931 1898 principie
942 1847 981 1879 res
990 1848 1065 1896 spes.

158 1931 197 1981 nit
210 1946 216 1975 :
228 1926 337 1974 etiamne
345 1911 458 1963 luctibus
469 1919 494 1955 et
503 1904 633 1957 doloribus
644 1921 696 1954 non
707 1901 828 1954 satiatur?
847 1903 967 1965 Eiusdem
979 1904 1062 1954 animi

161 2016 199 2056 ρει
207 2040 215 2068 ,
224 1999 357 2063 Poppnam
371 1988 457 2038 diram
468 1999 520 2032 non
530 1978 649 2036 credere,
663 1978 733 2042 cujus
747 1978 772 2026 in
783 1988 837 2026 acta
849 1976 903 2026 divi
919 1979 1025 2043 Augusti
1034 1989 1062 2029 et

161 2078 214 2127 divi
223 2073 284 2125 lulli
294 2064 445 2133 nonjurare.
453 2057 553 2126 Speqit
564 2053 819 2119 religiones,abrogat
826 2052 902 2117 leges.
910 2052 1004 2103 Diuina
1011 2067 1062 2117 po.

160 2151 216 2221 puli
224 2141 333 2196 Ilomani
340 2177 346 2197 ,
354 2152 398 2202 per
408 2127 563 2199 provincias,
573 2143 617 2193 per
627 2127 762 2194 exercitus,
774 2125 884 2174 curatius
893 2125 1022 2189 leguntur,
1032 2135 1062 2176 ut

161 2232 279 2278 noscatur
290 2210 352 2278 quid
365 2207 475 2255 Thrasea
487 2217 537 2249 non
555 2198 653 2249 lecerit.
674 2204 726 2246 Aut
739 2205 893 2248 transcamus
907 2196 937 2246 ad
955 2197 996 2246 illa
1010 2200 1061 2249 ius.

160 2297 250 2350 tituta,
263 2288 285 2334 si
299 2281 397 2348 potiora
415 2285 474 2329 sunt
490 2290 496 2319 :
511 2283 555 2320 aut
575 2286 641 2323 nora
658 2271 817 2333 cupientibus
831 2268 957 2321 auferatur
971 2270 1060 2321 duret

157 2355 316 2419 ,ucrosjlsta
324 2360 392 2400 secta
399 2346 547 2396 Tuberones
558 2378 564 2397 ,
577 2353 604 2391 et
613 2341 738 2390 Favonios
749 2377 755 2398 ,
768 2343 845 2396 veteri
858 2357 957 2404 quoque
968 2345 1060 2409 reipu.

158 2439 228 2494 1111oe
248 2434 343 2494 ‘ingrata
360 2420 480 2473 nomina,
496 2415 592 2480 genuit.
611 2415 646 2464 Ut
659 2415 793 2478 imperium
805 2426 939 2475 evertant,
954 2418 1061 2468 liberta-

161 2525 213 2562 rsm
227 2502 376 2574 praelerunt:
393 2495 414 2542 si
427 2488 605 2558 perverterint,
620 2487 763 2540 libertatern
775 2490 857 2553 ipsam
873 2488 1060 2552 aggredientur.

161 2586 265 2639 Frustra
276 2574 389 2630 Cassium
399 2566 516 2622 amovisti
527 2564 564 2621 ,si
573 2564 676 2629 gliscere
684 2574 709 2610 et
719 2557 803 2628 vigere
812 2564 948 2610 Brutorum
958 2566 1061 2615 emulos

162 2669 279 2727 passurus
290 2664 326 2700 es.
337 2644 449 2706 Denique
458 2637 521 2687 nibil
529 2637 582 2701 ipse
590 2634 621 2683 de
630 2632 741 2686 Thraseri
751 2635 896 2700 scripseris,
905 2633 1061 2702 disceptato.

162 2749 216 2782 rem
225 2736 339 2779 senatum
349 2719 423 2769 nobis
433 2714 545 2776 relinque
556 2728 581 2759 r.
596 2709 700 2762 Extollit
712 2707 747 2756 irai
757 2721 902 2775 proruptum
917 2709 1059 2764 Cossutiani

162 2805 274 2860 animum
283 2796 353 2846 Nero
365 2810 371 2841 ε
386 2788 522 2853 adiicitqne
535 2782 684 2833 Marcellum
695 2780 814 2849 Eprium,
824 2784 875 2830 seri
883 2782 1033 2846 eloquentii.

194 2870 296 2923 xxltt.
305 2866 340 2917 At
348 2867 452 2913 beream
462 2863 586 2908 Soranum
599 2856 650 2921 jam
665 2856 715 2906 sibi
727 2857 843 2905 Ostorius
854 2856 973 2920 Sabinus,
986 2873 1060 2921 eques

162 2950 292 2997 Romanus
302 2974 308 2995 ,
317 2943 467 3001 poposcerat
479 2939 569 2986 reurrr,
589 2945 619 2977 ex
630 2929 810 2994 proconsulatu
824 2926 903 2980 Asia,
919 2927 945 2974 in
957 2930 1004 2992 qut
1017 2928 1060 2976 of.

162 3016 288 3067 tensiones
298 3006 416 3074 principis
432 3003 514 3062 auxit,
526 3000 621 3065 justitiri
631 3012 705 3066 atque
718 2999 855 3048 industrid:
867 3003 961 3062 etquis
976 3002 1059 3064 portui

161 3086 328 3154 Ephesiorum
337 3074 471 3144 aperiendo
482 3091 567 3123 curam
577 3075 745 3138 insumpserat
755 3092 760 3121 ε
772 3074 871 3135 simque
881 3073 990 3120 civitatis
998 3074 1059 3122 Per-

162 3174 271 3228 gamena
283 3150 455 3220 ,prohibentis
463 3148 598 3205 Acratum,
614 3147 716 3195 Caesaris
726 3148 843 3196 libertum
852 3182 859 3204 ,
870 3156 964 3194 statuas
972 3156 998 3192 et
1008 3146 1059 3211 pio·

162 3240 231 3284 turae
241 3228 361 3280 avehere.
375 3223 480 3284 inultam
491 3222 617 3268 omiserat.
634 3220 683 3268 Sed
697 3222 797 3268 crimini
808 3219 911 3266 dabatur
926 3220 1059 3271 «amicitia

135 3318 141 3324 ·
161 3305 245 3355 Plauti
255 3338 262 3357 ,
276 3310 302 3347 et
311 3297 416 3346 ambitio
428 3287 587 3343 conciliandae
602 3293 735 3357 provinciae
745 3291 776 3338 ad
786 3307 842 3356 spes
852 3308 931 3340 noras
940 3309 965 3339 u.
978 3292 1059 3343 Tem-

108 3387 128 3394 ··
160 3392 208 3447 pus
217 3369 372 3430 &mutiani
380 3368 519 3427 delectum,
527 3382 578 3436 quo
586 3364 724 3430 Tiridates,
734 3363 880 3435 accipiendo
886 3364 1011 3437 Armenia
1018 3365 1060 3422 'rs-
