<?xml version="1.0" encoding="UTF-8"?>
<!DOCTYPE html PUBLIC "-//W3C//DTD XHTML 1.0 Transitional//EN"
    "http://www.w3.org/TR/xhtml1/DTD/xhtml1-transitional.dtd">
<html xmlns="http://www.w3.org/1999/xhtml" xml:lang="en" lang="en">
 <head>
  <title>
</title>
<meta http-equiv="Content-Type" content="text/html;charset=utf-8" />
  <meta name='ocr-system' content='tesseract 3.04.00' />
  <meta name='ocr-capabilities' content='ocr_page ocr_carea ocr_par ocr_line ocrx_word'/>
</head>
<body>
  <div class='ocr_page' id='page_1' title='image "./ccorntacitioper01brotgoog_0390.png"; bbox 0 0 2234 3817; ppageno 0'>
   <div class='ocr_carea' id='block_1_1' title="bbox 151 180 809 238">
    <p class='ocr_par' dir='ltr' id='par_1_1' title="bbox 151 180 809 238">
     <span class='ocr_line' id='line_1_1' title="bbox 151 180 809 238; baseline -0.003 -3"><span class='ocrx_word' id='word_1_1' title='bbox 151 183 200 238; x_wconf 75' lang='grc'>586</span> <span class='ocrx_word' id='word_1_2' title='bbox 465 202 488 237; x_wconf 79' lang='lat' dir='ltr'>e.</span> <span class='ocrx_word' id='word_1_3' title='bbox 514 180 740 234; x_wconf 73' lang='lat' dir='ltr'>couu.rac1‘r1</span> <span class='ocrx_word' id='word_1_4' title='bbox 774 226 780 238; x_wconf 82' lang='lat'>.</span> <span class='ocrx_word' id='word_1_5' title='bbox 807 190 809 199; x_wconf 81' lang='grc'>’</span> 
     </span>
    </p>
   </div>
   <div class='ocr_carea' id='block_1_2' title="bbox 92 275 1109 3497">
    <p class='ocr_par' dir='ltr' id='par_1_2' title="bbox 152 275 1069 565">
     <span class='ocr_line' id='line_1_2' title="bbox 152 275 1063 347; baseline 0.002 -18"><span class='ocrx_word' id='word_1_6' title='bbox 152 279 258 343; x_wconf 82' lang='lat' dir='ltr'>vestigia</span> <span class='ocrx_word' id='word_1_7' title='bbox 268 275 405 338; x_wconf 72' lang='lat' dir='ltr'>incessere,</span> <span class='ocrx_word' id='word_1_8' title='bbox 416 279 486 340; x_wconf 82' lang='lat' dir='ltr'>quasi</span> <span class='ocrx_word' id='word_1_9' title='bbox 496 277 649 326; x_wconf 84' lang='lat' dir='ltr'>debellatum</span> <span class='ocrx_word' id='word_1_10' title='bbox 661 276 739 338; x_wconf 86' lang='lat' dir='ltr'>leret,</span> <span class='ocrx_word' id='word_1_11' title='bbox 754 292 879 342; x_wconf 77' lang='lat' dir='ltr'>«pergere</span> <span class='ocrx_word' id='word_1_12' title='bbox 889 276 1063 347; x_wconf 80' lang='lat' dir='ltr'>Cremonam,</span> 
     </span>
     <span class='ocr_line' id='line_1_3' title="bbox 153 350 1066 417; baseline -0.001 -13"><span class='ocrx_word' id='word_1_13' title='bbox 153 367 181 404; x_wconf 87' lang='lat' dir='ltr'>et</span> <span class='ocrx_word' id='word_1_14' title='bbox 189 356 268 401; x_wconf 79' lang='lat' dir='ltr'>victos</span> <span class='ocrx_word' id='word_1_15' title='bbox 280 354 305 400; x_wconf 93' lang='lat' dir='ltr'>in</span> <span class='ocrx_word' id='word_1_16' title='bbox 315 350 472 411; x_wconf 71' lang='lat' dir='ltr'>deditionem</span> <span class='ocrx_word' id='word_1_17' title='bbox 481 354 594 416; x_wconf 85' lang='lat' dir='ltr'>accipere</span> <span class='ocrx_word' id='word_1_18' title='bbox 604 389 611 413; x_wconf 89' lang='lat'>,</span> <span class='ocrx_word' id='word_1_19' title='bbox 621 364 663 400; x_wconf 88' lang='lat' dir='ltr'>aut</span> <span class='ocrx_word' id='word_1_20' title='bbox 672 368 835 417; x_wconf 77' lang='lat' dir='ltr'>expugnare»</span> <span class='ocrx_word' id='word_1_21' title='bbox 846 350 1000 416; x_wconf 81' lang='lat' dir='ltr'>deposcunt.</span> <span class='ocrx_word' id='word_1_22' title='bbox 1011 357 1066 403; x_wconf 73' lang='lat' dir='ltr'>Hac</span> 
     </span>
     <span class='ocr_line' id='line_1_4' title="bbox 156 423 1065 492; baseline 0.001 -16"><span class='ocrx_word' id='word_1_23' title='bbox 156 429 182 476; x_wconf 90' lang='lat' dir='ltr'>in</span> <span class='ocrx_word' id='word_1_24' title='bbox 193 426 289 489; x_wconf 77' lang='lat' dir='ltr'>medio,</span> <span class='ocrx_word' id='word_1_25' title='bbox 300 424 404 490; x_wconf 82' lang='lat' dir='ltr'>pulelrra</span> <span class='ocrx_word' id='word_1_26' title='bbox 413 423 494 473; x_wconf 73' lang='lat' dir='ltr'>(lictu.</span> <span class='ocrx_word' id='word_1_27' title='bbox 505 426 550 472; x_wconf 89' lang='lat' dir='ltr'>llla</span> <span class='ocrx_word' id='word_1_28' title='bbox 558 427 606 474; x_wconf 87' lang='lat' dir='ltr'>sibi</span> <span class='ocrx_word' id='word_1_29' title='bbox 615 427 719 489; x_wconf 88' lang='lat' dir='ltr'>quisque</span> <span class='ocrx_word' id='word_1_30' title='bbox 731 445 736 472; x_wconf 93' lang='lat'>:</span> <span class='ocrx_word' id='word_1_31' title='bbox 748 444 763 472; x_wconf 80' lang='lat' dir='ltr'>u</span> <span class='ocrx_word' id='word_1_32' title='bbox 771 426 845 473; x_wconf 87' lang='lat' dir='ltr'>Posse</span> <span class='ocrx_word' id='word_1_33' title='bbox 852 426 980 474; x_wconf 84' lang='lat' dir='ltr'>coloniam</span> <span class='ocrx_word' id='word_1_34' title='bbox 992 431 1065 492; x_wconf 83' lang='lat' dir='ltr'>plano</span> 
     </span>
     <span class='ocr_line' id='line_1_5' title="bbox 153 497 1069 565; baseline -0.001 -16"><span class='ocrx_word' id='word_1_35' title='bbox 153 500 227 549; x_wconf 75' lang='lat' dir='ltr'>sitam</span> <span class='ocrx_word' id='word_1_36' title='bbox 239 501 335 564; x_wconf 86' lang='lat' dir='ltr'>impetu</span> <span class='ocrx_word' id='word_1_37' title='bbox 349 498 415 561; x_wconf 86' lang='lat' dir='ltr'>capi.</span> <span class='ocrx_word' id='word_1_38' title='bbox 425 497 497 545; x_wconf 84' lang='lat' dir='ltr'>Idem</span> <span class='ocrx_word' id='word_1_39' title='bbox 509 499 618 547; x_wconf 76' lang='lat' dir='ltr'>audacia</span> <span class='ocrx_word' id='word_1_40' title='bbox 628 515 671 564; x_wconf 87' lang='lat' dir='ltr'>per</span> <span class='ocrx_word' id='word_1_41' title='bbox 684 499 801 546; x_wconf 78' lang='lat' dir='ltr'><strong>tenebras</strong></span> <span class='ocrx_word' id='word_1_42' title='bbox 815 500 1018 564; x_wconf 79' lang='lat' dir='ltr'>irrumpentibus</span> <span class='ocrx_word' id='word_1_43' title='bbox 1023 537 1031 565; x_wconf 88' lang='lat'>,</span> <span class='ocrx_word' id='word_1_44' title='bbox 1044 514 1069 552; x_wconf 78' lang='lat' dir='ltr'>et</span> 
     </span>
    </p>

    <p class='ocr_par' dir='ltr' id='par_1_3' title="bbox 111 558 1109 1079">
     <span class='ocr_line' id='line_1_6' title="bbox 111 558 1063 639; baseline 0.001 -18"><span class='ocrx_word' id='word_1_45' title='bbox 111 558 117 575; x_wconf 69' lang='lat'><strong><em>¹</em></strong></span> <span class='ocrx_word' id='word_1_46' title='bbox 152 576 274 636; x_wconf 79' lang='lat' dir='ltr'>majorem</span> <span class='ocrx_word' id='word_1_47' title='bbox 289 571 405 636; x_wconf 87' lang='lat' dir='ltr'>rapiendi</span> <span class='ocrx_word' id='word_1_48' title='bbox 422 572 573 632; x_wconf 77' lang='lat' dir='ltr'>licentiam,</span> <span class='ocrx_word' id='word_1_49' title='bbox 590 570 659 635; x_wconf 81' lang='lat' dir='ltr'>quod</span> <span class='ocrx_word' id='word_1_50' title='bbox 675 575 696 620; x_wconf 88' lang='lat' dir='ltr'>si</span> <span class='ocrx_word' id='word_1_51' title='bbox 711 576 793 621; x_wconf 90' lang='lat' dir='ltr'>lucem</span> <span class='ocrx_word' id='word_1_52' title='bbox 811 574 995 639; x_wconf 78' lang='lat' dir='ltr'><strong>opperiantur,</strong></span> <span class='ocrx_word' id='word_1_53' title='bbox 1011 575 1063 637; x_wconf 85' lang='lat' dir='ltr'>jam</span> 
     </span>
     <span class='ocr_line' id='line_1_7' title="bbox 152 643 1063 715; baseline -0.001 -21"><span class='ocrx_word' id='word_1_54' title='bbox 152 662 255 715; x_wconf 75' lang='lat' dir='ltr'>pacem.</span> <span class='ocrx_word' id='word_1_55' title='bbox 270 643 320 707; x_wconf 83' lang='lat' dir='ltr'>jam</span> <span class='ocrx_word' id='word_1_56' title='bbox 333 660 436 709; x_wconf 86' lang='lat' dir='ltr'>preces,</span> <span class='ocrx_word' id='word_1_57' title='bbox 451 657 476 692; x_wconf 86' lang='lat' dir='ltr'>et</span> <span class='ocrx_word' id='word_1_58' title='bbox 488 663 534 710; x_wconf 89' lang='lat' dir='ltr'>pro</span> <span class='ocrx_word' id='word_1_59' title='bbox 549 646 637 694; x_wconf 90' lang='lat' dir='ltr'>labore</span> <span class='ocrx_word' id='word_1_60' title='bbox 650 663 681 693; x_wconf 86' lang='lat' dir='ltr'>ac</span> <span class='ocrx_word' id='word_1_61' title='bbox 692 646 853 705; x_wconf 84' lang='lat' dir='ltr'>vulneribus,</span> <span class='ocrx_word' id='word_1_62' title='bbox 867 648 1031 695; x_wconf 86' lang='lat' dir='ltr'>clementiam</span> <span class='ocrx_word' id='word_1_63' title='bbox 1041 656 1063 694; x_wconf 88' lang='lat' dir='ltr'>et</span> 
     </span>
     <span class='ocr_line' id='line_1_8' title="bbox 154 719 1063 787; baseline -0.001 -19"><span class='ocrx_word' id='word_1_64' title='bbox 154 720 273 786; x_wconf 84' lang='lat' dir='ltr'>gloriam,</span> <span class='ocrx_word' id='word_1_65' title='bbox 287 719 384 773; x_wconf 83' lang='lat' dir='ltr'>inania,</span> <span class='ocrx_word' id='word_1_66' title='bbox 397 719 511 768; x_wconf 86' lang='lat' dir='ltr'>laturos:</span> <span class='ocrx_word' id='word_1_67' title='bbox 529 721 574 769; x_wconf 86' lang='lat' dir='ltr'>sed</span> <span class='ocrx_word' id='word_1_68' title='bbox 587 724 652 787; x_wconf 83' lang='lat' dir='ltr'>opes&#39;</span> <span class='ocrx_word' id='word_1_69' title='bbox 661 719 872 769; x_wconf 83' lang='lat' dir='ltr'>Cremonensium</span> <span class='ocrx_word' id='word_1_70' title='bbox 888 720 912 765; x_wconf 88' lang='lat' dir='ltr'>in</span> <span class='ocrx_word' id='word_1_71' title='bbox 926 719 983 765; x_wconf 89' lang='lat' dir='ltr'>sinu</span> <span class='ocrx_word' id='word_1_72' title='bbox 998 737 1063 784; x_wconf 83' lang='lat' dir='ltr'>pre·</span> 
     </span>
     <span class='ocr_line' id='line_1_9' title="bbox 152 788 1109 859; baseline -0.003 -15"><span class='ocrx_word' id='word_1_73' title='bbox 152 788 278 845; x_wconf 75' lang='lat' dir='ltr'>lectorum</span> <span class='ocrx_word' id='word_1_74' title='bbox 291 792 480 856; x_wconf 70' lang='lat' dir='ltr'>legatorumque</span> <span class='ocrx_word' id='word_1_75' title='bbox 493 792 556 842; x_wconf 82' lang='lat' dir='ltr'>lore.</span> <span class='ocrx_word' id='word_1_76' title='bbox 574 796 726 859; x_wconf 73' lang='lat' dir='ltr'>Expugnare</span> <span class='ocrx_word' id='word_1_77' title='bbox 744 793 813 841; x_wconf 89' lang='lat' dir='ltr'>urbis</span> <span class='ocrx_word' id='word_1_78' title='bbox 834 793 939 857; x_wconf 82' lang='lat' dir='ltr'>praedam</span> <span class='ocrx_word' id='word_1_79' title='bbox 958 792 992 839; x_wconf 87' lang='lat' dir='ltr'>ad</span> <span class='ocrx_word' id='word_1_80' title='bbox 1013 794 1064 841; x_wconf 86' lang='lat' dir='ltr'>mi·</span> <span class='ocrx_word' id='word_1_81' title='bbox 1108 790 1109 807; x_wconf 62' lang='lat'><em>³</em></span> 
     </span>
     <span class='ocr_line' id='line_1_10' title="bbox 152 863 1065 932; baseline -0.003 -15"><span class='ocrx_word' id='word_1_82' title='bbox 152 869 239 931; x_wconf 88' lang='lat' dir='ltr'>litem,</span> <span class='ocrx_word' id='word_1_83' title='bbox 252 864 341 914; x_wconf 85' lang='lat' dir='ltr'>deditae</span> <span class='ocrx_word' id='word_1_84' title='bbox 350 863 382 912; x_wconf 85' lang='lat' dir='ltr'>ad</span> <span class='ocrx_word' id='word_1_85' title='bbox 391 863 467 915; x_wconf 83' lang='lat' dir='ltr'>duces</span> <span class='ocrx_word' id='word_1_86' title='bbox 476 869 603 932; x_wconf 86' lang='lat' dir='ltr'>pertinere</span> <span class='ocrx_word' id='word_1_87' title='bbox 610 869 801 932; x_wconf 67' lang='lat' dir='ltr'>u.‘Spernunt&#39;ur</span> <span class='ocrx_word' id='word_1_88' title='bbox 810 867 970 914; x_wconf 75' lang='lat' dir='ltr'>centuriones</span> <span class='ocrx_word' id='word_1_89' title='bbox 980 868 1065 914; x_wconf 87' lang='lat' dir='ltr'>tribu·</span> 
     </span>
     <span class='ocr_line' id='line_1_11' title="bbox 153 939 1066 1007; baseline -0.002 -17"><span class='ocrx_word' id='word_1_90' title='bbox 153 944 245 1007; x_wconf 86' lang='lat' dir='ltr'>nique,</span> <span class='ocrx_word' id='word_1_91' title='bbox 263 957 291 989; x_wconf 86' lang='lat' dir='ltr'>ac</span> <span class='ocrx_word' id='word_1_92' title='bbox 303 954 335 987; x_wconf 88' lang='lat' dir='ltr'>ne</span> <span class='ocrx_word' id='word_1_93' title='bbox 352 956 401 988; x_wconf 80' lang='lat' dir='ltr'>vox</span> <span class='ocrx_word' id='word_1_94' title='bbox 420 939 568 1005; x_wconf 82' lang='lat' dir='ltr'>cujusquam</span> <span class='ocrx_word' id='word_1_95' title='bbox 586 940 717 1004; x_wconf 80' lang='lat' dir='ltr'>audiatur,</span> <span class='ocrx_word' id='word_1_96' title='bbox 734 942 852 1007; x_wconf 85' lang='lat' dir='ltr'>quatiunt</span> <span class='ocrx_word' id='word_1_97' title='bbox 865 957 947 1000; x_wconf 83' lang='lat' dir='ltr'>artua,</span> <span class='ocrx_word' id='word_1_98' title='bbox 961 940 1066 1006; x_wconf 87' lang='lat' dir='ltr'>rupturi</span> 
     </span>
     <span class='ocr_line' id='line_1_12' title="bbox 155 1011 498 1079; baseline -0.012 -14"><span class='ocrx_word' id='word_1_99' title='bbox 155 1015 306 1079; x_wconf 86' lang='lat' dir='ltr'>imperium,</span> <span class='ocrx_word' id='word_1_100' title='bbox 325 1013 352 1060; x_wconf 90' lang='lat' dir='ltr'>ni</span> <span class='ocrx_word' id='word_1_101' title='bbox 366 1011 498 1061; x_wconf 82' lang='lat' dir='ltr'>ducantur.</span> 
     </span>
    </p>

    <p class='ocr_par' dir='ltr' id='par_1_4' title="bbox 154 1084 1067 1595">
     <span class='ocr_line' id='line_1_13' title="bbox 184 1084 1065 1154; baseline -0.002 -18"><span class='ocrx_word' id='word_1_102' title='bbox 184 1087 318 1136; x_wconf 78' lang='lat' dir='ltr'>XX.Tu‘m</span> <span class='ocrx_word' id='word_1_103' title='bbox 327 1084 466 1143; x_wconf 83' lang='lat' dir='ltr'>Antonius,</span> <span class='ocrx_word' id='word_1_104' title='bbox 475 1088 586 1135; x_wconf 82' lang='lat' dir='ltr'>inserens</span> <span class='ocrx_word' id='word_1_105' title='bbox 596 1104 623 1137; x_wconf 89' lang='lat' dir='ltr'>se</span> <span class='ocrx_word' id='word_1_106' title='bbox 632 1088 778 1154; x_wconf 79' lang='lat' dir='ltr'>manipulis,</span> <span class='ocrx_word' id='word_1_107' title='bbox 788 1088 831 1136; x_wconf 91' lang='lat' dir='ltr'>ubi</span> <span class='ocrx_word' id='word_1_108' title='bbox 843 1085 967 1153; x_wconf 74' lang='lat' dir='ltr'>adspectu</span> <span class='ocrx_word' id='word_1_109' title='bbox 975 1097 1002 1135; x_wconf 85' lang='lat' dir='ltr'>et</span> <span class='ocrx_word' id='word_1_110' title='bbox 1010 1101 1065 1135; x_wconf 80' lang='lat' dir='ltr'>aue·</span> 
     </span>
     <span class='ocr_line' id='line_1_14' title="bbox 154 1158 1065 1225; baseline -0.004 -16"><span class='ocrx_word' id='word_1_111' title='bbox 154 1161 256 1209; x_wconf 87' lang='lat' dir='ltr'>toritate</span> <span class='ocrx_word' id='word_1_112' title='bbox 267 1159 396 1220; x_wconf 74' lang='lat' dir='ltr'>silentium</span> <span class='ocrx_word' id='word_1_113' title='bbox 407 1158 515 1208; x_wconf 87' lang='lat' dir='ltr'>lecerat:</span> <span class='ocrx_word' id='word_1_114' title='bbox 528 1160 609 1209; x_wconf 77' lang='lat' dir='ltr'>«Nou</span> <span class='ocrx_word' id='word_1_115' title='bbox 618 1172 643 1209; x_wconf 82' lang='lat' dir='ltr'>se</span> <span class='ocrx_word' id='word_1_116' title='bbox 655 1161 742 1219; x_wconf 87' lang='lat' dir='ltr'>decus,</span> <span class='ocrx_word' id='word_1_117' title='bbox 750 1163 952 1225; x_wconf 86' lang='lat' dir='ltr'>nequepretium</span> <span class='ocrx_word' id='word_1_118' title='bbox 965 1160 1065 1222; x_wconf 75' lang='lat' dir='ltr'>eripere</span> 
     </span>
     <span class='ocr_line' id='line_1_15' title="bbox 156 1230 1067 1297; baseline -0.001 -15"><span class='ocrx_word' id='word_1_119' title='bbox 156 1246 208 1283; x_wconf 80' lang='lat' dir='ltr'>tum</span> <span class='ocrx_word' id='word_1_120' title='bbox 219 1230 284 1282; x_wconf 76' lang='lat' dir='ltr'>bene</span> <span class='ocrx_word' id='word_1_121' title='bbox 294 1233 392 1280; x_wconf 89' lang='lat' dir='ltr'>meritis</span> <span class='ocrx_word' id='word_1_122' title='bbox 401 1250 429 1291; x_wconf 84' lang='lat' dir='ltr'>n,</span> <span class='ocrx_word' id='word_1_123' title='bbox 440 1232 603 1297; x_wconf 74' lang='lat' dir='ltr'>adfirmabat3</span> <span class='ocrx_word' id='word_1_124' title='bbox 618 1252 632 1282; x_wconf 68' lang='grc' dir='ltr'>ι(</span> <span class='ocrx_word' id='word_1_125' title='bbox 641 1234 686 1282; x_wconf 89' lang='lat' dir='ltr'>sed</span> <span class='ocrx_word' id='word_1_126' title='bbox 698 1235 778 1284; x_wconf 77' lang='lat' dir='ltr'>diuisa</span> <span class='ocrx_word' id='word_1_127' title='bbox 790 1235 856 1282; x_wconf 88' lang='lat' dir='ltr'>inter</span> <span class='ocrx_word' id='word_1_128' title='bbox 868 1234 1011 1280; x_wconf 85' lang='lat' dir='ltr'>exercitum</span> <span class='ocrx_word' id='word_1_129' title='bbox 1021 1231 1067 1281; x_wconf 77' lang='lat' dir='ltr'>du·</span> 
     </span>
     <span class='ocr_line' id='line_1_16' title="bbox 157 1302 1065 1374; baseline -0.008 -16"><span class='ocrx_word' id='word_1_130' title='bbox 157 1323 246 1373; x_wconf 82' lang='lat' dir='ltr'>sesque</span> <span class='ocrx_word' id='word_1_131' title='bbox 262 1306 347 1353; x_wconf 87' lang='lat' dir='ltr'>munia</span> <span class='ocrx_word' id='word_1_132' title='bbox 364 1306 509 1356; x_wconf 88' lang='lat' dir='ltr'>:lnilitibus</span> <span class='ocrx_word' id='word_1_133' title='bbox 522 1304 668 1373; x_wconf 83' lang='lat' dir='ltr'>cupidinem</span> <span class='ocrx_word' id='word_1_134' title='bbox 680 1302 807 1374; x_wconf 77' lang='lat' dir='ltr'>pugnandi</span> <span class='ocrx_word' id='word_1_135' title='bbox 823 1305 975 1369; x_wconf 76' lang='lat' dir='ltr'>convenire5</span> <span class='ocrx_word' id='word_1_136' title='bbox 990 1305 1065 1352; x_wconf 80' lang='lat' dir='ltr'>duces</span> 
     </span>
     <span class='ocr_line' id='line_1_17' title="bbox 156 1379 1062 1450; baseline -0.007 -20"><span class='ocrx_word' id='word_1_137' title='bbox 156 1379 331 1449; x_wconf 82' lang='lat' dir='ltr'>providendo,</span> <span class='ocrx_word' id='word_1_138' title='bbox 344 1380 527 1443; x_wconf 84' lang='lat' dir='ltr'>consultando,</span> <span class='ocrx_word' id='word_1_139' title='bbox 540 1384 702 1431; x_wconf 68' lang='lat' dir='ltr'>cunctatione</span> <span class='ocrx_word' id='word_1_140' title='bbox 719 1380 820 1448; x_wconf 71' lang='lat' dir='ltr'>sapitis,</span> <span class='ocrx_word' id='word_1_141' title='bbox 833 1379 906 1450; x_wconf 72' lang='lat' dir='ltr'>quim</span> <span class='ocrx_word' id='word_1_142' title='bbox 919 1380 1062 1427; x_wconf 79' lang='lat' dir='ltr'>temeritate</span> 
     </span>
     <span class='ocr_line' id='line_1_18' title="bbox 156 1452 1063 1523; baseline -0.007 -20"><span class='ocrx_word' id='word_1_143' title='bbox 156 1453 283 1522; x_wconf 79' lang='lat' dir='ltr'>prodesse</span> <span class='ocrx_word' id='word_1_144' title='bbox 297 1452 332 1500; x_wconf 86' lang='lat' dir='ltr'>Ut</span> <span class='ocrx_word' id='word_1_145' title='bbox 343 1469 391 1517; x_wconf 88' lang='lat' dir='ltr'>pro</span> <span class='ocrx_word' id='word_1_146' title='bbox 403 1453 472 1501; x_wconf 71' lang='lat' dir='ltr'>virili</span> <span class='ocrx_word' id='word_1_147' title='bbox 485 1455 617 1521; x_wconf 79' lang='lat' dir='ltr'>portione,</span> <span class='ocrx_word' id='word_1_148' title='bbox 631 1459 707 1507; x_wconf 84' lang='lat' dir='ltr'>armis</span> <span class='ocrx_word' id='word_1_149' title='bbox 723 1473 752 1503; x_wconf 86' lang='lat' dir='ltr'>ae</span> <span class='ocrx_word' id='word_1_150' title='bbox 767 1472 858 1523; x_wconf 74' lang='lat' dir='ltr'>mann,</span> <span class='ocrx_word' id='word_1_151' title='bbox 873 1453 1013 1501; x_wconf 82' lang='lat' dir='ltr'>victoriam</span> <span class='ocrx_word' id='word_1_152' title='bbox 1025 1452 1063 1512; x_wconf 76' lang='lat' dir='ltr'>jn·</span> 
     </span>
     <span class='ocr_line' id='line_1_19' title="bbox 155 1523 1063 1595; baseline -0.006 -19"><span class='ocrx_word' id='word_1_153' title='bbox 155 1531 238 1591; x_wconf 76' lang='lat' dir='ltr'>rerit5</span> <span class='ocrx_word' id='word_1_154' title='bbox 255 1527 353 1574; x_wconf 85' lang='lat' dir='ltr'>ratione</span> <span class='ocrx_word' id='word_1_155' title='bbox 368 1538 392 1576; x_wconf 87' lang='lat' dir='ltr'>et</span> <span class='ocrx_word' id='word_1_156' title='bbox 409 1529 532 1586; x_wconf 83' lang='lat' dir='ltr'>consilio,</span> <span class='ocrx_word' id='word_1_157' title='bbox 550 1531 657 1595; x_wconf 88' lang='lat' dir='ltr'>propriis</span> <span class='ocrx_word' id='word_1_158' title='bbox 675 1529 745 1581; x_wconf 86' lang='lat' dir='ltr'>ducis</span> <span class='ocrx_word' id='word_1_159' title='bbox 763 1529 872 1583; x_wconf 83' lang='lat' dir='ltr'>artibus,</span> <span class='ocrx_word' id='word_1_160' title='bbox 890 1523 1063 1591; x_wconf 74' lang='lat' dir='ltr'>profuturum.</span> 
     </span>
    </p>

    <p class='ocr_par' dir='ltr' id='par_1_5' title="bbox 92 1597 1109 2539">
     <span class='ocr_line' id='line_1_20' title="bbox 92 1597 1064 1666; baseline -0.011 -12"><span class='ocrx_word' id='word_1_161' title='bbox 92 1627 95 1634; x_wconf 43' lang='lat' dir='ltr'><strong><em>f</em></strong></span> <span class='ocrx_word' id='word_1_162' title='bbox 155 1597 1064 1666; x_wconf 77' lang='lat' dir='ltr'>Nequeenimambiguaesse‚quaeoecur·rant:noctem‚etignotaesituns</span> 
     </span>
     <span class='ocr_line' id='line_1_21' title="bbox 156 1672 1065 1737; baseline -0.008 -11"><span class='ocrx_word' id='word_1_163' title='bbox 156 1677 236 1733; x_wconf 87' lang='lat' dir='ltr'>urbis,</span> <span class='ocrx_word' id='word_1_164' title='bbox 247 1674 317 1723; x_wconf 91' lang='lat' dir='ltr'>intus</span> <span class='ocrx_word' id='word_1_165' title='bbox 328 1673 420 1733; x_wconf 85' lang='lat' dir='ltr'>hostes,</span> <span class='ocrx_word' id='word_1_166' title='bbox 435 1682 459 1718; x_wconf 87' lang='lat' dir='ltr'>et</span> <span class='ocrx_word' id='word_1_167' title='bbox 471 1685 558 1721; x_wconf 82' lang='lat' dir='ltr'>cuncta</span> <span class='ocrx_word' id='word_1_168' title='bbox 573 1674 670 1720; x_wconf 83' lang='lat' dir='ltr'>insidiis</span> <span class='ocrx_word' id='word_1_169' title='bbox 682 1685 838 1737; x_wconf 83' lang='lat' dir='ltr'>opportuna:</span> <span class='ocrx_word' id='word_1_170' title='bbox 849 1687 909 1729; x_wconf 84' lang='lat' dir='ltr'>non,</span> <span class='ocrx_word' id='word_1_171' title='bbox 923 1672 945 1718; x_wconf 86' lang='lat' dir='ltr'>si</span> <span class='ocrx_word' id='word_1_172' title='bbox 959 1674 1065 1735; x_wconf 76' lang='lat' dir='ltr'>pateant</span> 
     </span>
     <span class='ocr_line' id='line_1_22' title="bbox 155 1743 1065 1816; baseline -0.009 -19"><span class='ocrx_word' id='word_1_173' title='bbox 155 1761 244 1816; x_wconf 72' lang='lat' dir='ltr'>portae,</span> <span class='ocrx_word' id='word_1_174' title='bbox 252 1749 301 1796; x_wconf 91' lang='lat' dir='ltr'>nisi</span> <span class='ocrx_word' id='word_1_175' title='bbox 309 1743 446 1812; x_wconf 77' lang='lat' dir='ltr'>explorato,</span> <span class='ocrx_word' id='word_1_176' title='bbox 456 1745 504 1792; x_wconf 89' lang='lat' dir='ltr'>nisi</span> <span class='ocrx_word' id='word_1_177' title='bbox 512 1744 565 1805; x_wconf 84' lang='lat' dir='ltr'>die,</span> <span class='ocrx_word' id='word_1_178' title='bbox 576 1743 729 1794; x_wconf 85' lang='lat' dir='ltr'>intrandum.</span> <span class='ocrx_word' id='word_1_179' title='bbox 740 1747 779 1791; x_wconf 86' lang='lat' dir='ltr'>Au</span> <span class='ocrx_word' id='word_1_180' title='bbox 790 1744 1015 1807; x_wconf 81' lang='lat' dir='ltr'>oppugnationem</span> <span class='ocrx_word' id='word_1_181' title='bbox 1026 1745 1065 1790; x_wconf 87' lang='lat' dir='ltr'>iu-</span> 
     </span>
     <span class='ocr_line' id='line_1_23' title="bbox 155 1815 1065 1887; baseline -0.011 -14"><span class='ocrx_word' id='word_1_182' title='bbox 155 1825 307 1879; x_wconf 86' lang='lat' dir='ltr'>choaturos‚</span> <span class='ocrx_word' id='word_1_183' title='bbox 326 1821 444 1886; x_wconf 83' lang='lat' dir='ltr'>adempto</span> <span class='ocrx_word' id='word_1_184' title='bbox 459 1821 529 1869; x_wconf 87' lang='lat' dir='ltr'>omui</span> <span class='ocrx_word' id='word_1_185' title='bbox 539 1832 686 1887; x_wconf 84' lang='lat' dir='ltr'>prospectu,</span> <span class='ocrx_word' id='word_1_186' title='bbox 698 1818 752 1883; x_wconf 79' lang='lat' dir='ltr'>quis</span> <span class='ocrx_word' id='word_1_187' title='bbox 769 1832 851 1880; x_wconf 77' lang='lat' dir='ltr'>aquus</span> <span class='ocrx_word' id='word_1_188' title='bbox 864 1815 951 1869; x_wconf 87' lang='lat' dir='ltr'>locus,</span> <span class='ocrx_word' id='word_1_189' title='bbox 966 1826 1065 1877; x_wconf 81' lang='lat' dir='ltr'>quanta</span> 
     </span>
     <span class='ocr_line' id='line_1_24' title="bbox 156 1888 1064 1957; baseline -0.012 -9"><span class='ocrx_word' id='word_1_190' title='bbox 156 1897 265 1949; x_wconf 88' lang='lat' dir='ltr'>altitudo</span> <span class='ocrx_word' id='word_1_191' title='bbox 276 1895 417 1947; x_wconf 76' lang='lat' dir='ltr'>moenium?</span> <span class='ocrx_word' id='word_1_192' title='bbox 430 1897 595 1945; x_wconf 85' lang='lat' dir='ltr'>tonusntisne</span> <span class='ocrx_word' id='word_1_193' title='bbox 607 1906 634 1942; x_wconf 92' lang='lat' dir='ltr'>et</span> <span class='ocrx_word' id='word_1_194' title='bbox 645 1894 710 1951; x_wconf 85' lang='lat' dir='ltr'>telis,</span> <span class='ocrx_word' id='word_1_195' title='bbox 720 1910 750 1943; x_wconf 84' lang='lat' dir='ltr'>au</span> <span class='ocrx_word' id='word_1_196' title='bbox 761 1890 877 1957; x_wconf 86' lang='lat' dir='ltr'>operibus</span> <span class='ocrx_word' id='word_1_197' title='bbox 887 1898 914 1935; x_wconf 88' lang='lat' dir='ltr'>ct</span> <span class='ocrx_word' id='word_1_198' title='bbox 926 1888 1018 1937; x_wconf 79' lang='lat' dir='ltr'>uineis</span> <span class='ocrx_word' id='word_1_199' title='bbox 1026 1888 1064 1937; x_wconf 82' lang='lat' dir='ltr'>ad·</span> 
     </span>
     <span class='ocr_line' id='line_1_25' title="bbox 157 1965 1064 2042; baseline -0.014 -19"><span class='ocrx_word' id='word_1_200' title='bbox 157 1974 294 2042; x_wconf 77' lang='lat' dir='ltr'>gradienda</span> <span class='ocrx_word' id='word_1_201' title='bbox 308 1974 370 2021; x_wconf 88' lang='lat' dir='ltr'>urbs</span> <span class='ocrx_word' id='word_1_202' title='bbox 383 1972 472 2021; x_wconf 84' lang='lat' dir='ltr'>loretu</span> <span class='ocrx_word' id='word_1_203' title='bbox 484 1969 496 2020; x_wconf 74' lang='grc' dir='ltr'>Ρ</span> <span class='ocrx_word' id='word_1_204' title='bbox 510 1970 574 2019; x_wconf 77' lang='lat' dir='ltr'>Mox</span> <span class='ocrx_word' id='word_1_205' title='bbox 590 1985 723 2018; x_wconf 82' lang='lat' dir='ltr'>conversus</span> <span class='ocrx_word' id='word_1_206' title='bbox 736 1966 768 2016; x_wconf 82' lang='lat' dir='ltr'>sd</span> <span class='ocrx_word' id='word_1_207' title='bbox 779 1965 906 2029; x_wconf 79' lang='lat' dir='ltr'>singulos,</span> <span class='ocrx_word' id='word_1_208' title='bbox 918 1979 1008 2013; x_wconf 73' lang='lat' dir='ltr'>(turtur</span> <span class='ocrx_word' id='word_1_209' title='bbox 1024 1979 1064 2011; x_wconf 90' lang='lat' dir='ltr'>se-</span> 
     </span>
     <span class='ocr_line' id='line_1_26' title="bbox 157 2039 1063 2111; baseline -0.018 -12"><span class='ocrx_word' id='word_1_210' title='bbox 157 2064 243 2111; x_wconf 84' lang='lat' dir='ltr'>cures,</span> <span class='ocrx_word' id='word_1_211' title='bbox 257 2046 423 2110; x_wconf 84' lang='lat' dir='ltr'>dolabrasque</span> <span class='ocrx_word' id='word_1_212' title='bbox 430 2081 437 2104; x_wconf 89' lang='lat'><em>,</em></span> <span class='ocrx_word' id='word_1_213' title='bbox 448 2056 474 2092; x_wconf 87' lang='lat' dir='ltr'>et</span> <span class='ocrx_word' id='word_1_214' title='bbox 486 2046 569 2094; x_wconf 83' lang='lat' dir='ltr'>ce&#39;tera</span> <span class='ocrx_word' id='word_1_215' title='bbox 580 2041 752 2110; x_wconf 81' lang='lat' dir='ltr'>expugnandis</span> <span class='ocrx_word' id='word_1_216' title='bbox 763 2039 878 2094; x_wconf 84' lang='lat' dir='ltr'>urbillus,</span> <span class='ocrx_word' id='word_1_217' title='bbox 890 2053 978 2085; x_wconf 87' lang='lat' dir='ltr'>secum</span> <span class='ocrx_word' id='word_1_218' title='bbox 994 2046 1063 2084; x_wconf 87' lang='lat' dir='ltr'>attu-</span> 
     </span>
     <span class='ocr_line' id='line_1_27' title="bbox 156 2110 1063 2182; baseline -0.015 -12"><span class='ocrx_word' id='word_1_219' title='bbox 156 2121 267 2170; x_wconf 76' lang='lat' dir='ltr'>lissent»</span> <span class='ocrx_word' id='word_1_220' title='bbox 278 2118 429 2182; x_wconf 83' lang='lat' dir='ltr'>?rogitabat.</span> <span class='ocrx_word' id='word_1_221' title='bbox 439 2112 473 2167; x_wconf 80' lang='lat' dir='ltr'>Et</span> <span class='ocrx_word' id='word_1_222' title='bbox 481 2135 558 2181; x_wconf 86' lang='lat' dir='ltr'>quum</span> <span class='ocrx_word' id='word_1_223' title='bbox 569 2120 719 2176; x_wconf 80' lang='lat' dir='ltr'>abnuerent,</span> <span class='ocrx_word' id='word_1_224' title='bbox 728 2132 742 2166; x_wconf 84' lang='lat' dir='ltr'>u</span> <span class='ocrx_word' id='word_1_225' title='bbox 751 2113 868 2179; x_wconf 87' lang='lat' dir='ltr'>gladiisne</span> <span class='ocrx_word' id='word_1_226' title='bbox 878 2129 903 2168; x_wconf 86' lang='lat' dir='ltr'>u,</span> <span class='ocrx_word' id='word_1_227' title='bbox 913 2110 1007 2173; x_wconf 85' lang='lat' dir='ltr'>inquit,</span> <span class='ocrx_word' id='word_1_228' title='bbox 1021 2119 1063 2156; x_wconf 81' lang='lat' dir='ltr'>set</span> 
     </span>
     <span class='ocr_line' id='line_1_28' title="bbox 155 2181 1061 2260; baseline -0.013 -18"><span class='ocrx_word' id='word_1_229' title='bbox 155 2195 215 2260; x_wconf 87' lang='lat' dir='ltr'>pilis</span> <span class='ocrx_word' id='word_1_230' title='bbox 226 2188 380 2257; x_wconf 76' lang='lat' dir='ltr'>perfringere</span> <span class='ocrx_word' id='word_1_231' title='bbox 392 2205 421 2234; x_wconf 93' lang='lat' dir='ltr'>ac</span> <span class='ocrx_word' id='word_1_232' title='bbox 433 2189 555 2239; x_wconf 85' lang='lat' dir='ltr'>subruere</span> <span class='ocrx_word' id='word_1_233' title='bbox 570 2205 656 2236; x_wconf 80' lang='lat' dir='ltr'>mitres</span> <span class='ocrx_word' id='word_1_234' title='bbox 668 2190 726 2236; x_wconf 79' lang='lat' dir='ltr'>ulla</span> <span class='ocrx_word' id='word_1_235' title='bbox 740 2201 828 2236; x_wconf 87' lang='lat' dir='ltr'>manus</span> <span class='ocrx_word' id='word_1_236' title='bbox 838 2181 965 2250; x_wconf 81' lang='lat' dir='ltr'>possunt?</span> <span class='ocrx_word' id='word_1_237' title='bbox 981 2183 1006 2230; x_wconf 90' lang='lat' dir='ltr'>Si</span> <span class='ocrx_word' id='word_1_238' title='bbox 1019 2198 1061 2246; x_wconf 87' lang='lat' dir='ltr'>ag·</span> 
     </span>
     <span class='ocr_line' id='line_1_29' title="bbox 155 2255 1062 2331; baseline -0.013 -17"><span class='ocrx_word' id='word_1_239' title='bbox 155 2280 242 2331; x_wconf 85' lang='lat' dir='ltr'>gerem</span> <span class='ocrx_word' id='word_1_240' title='bbox 249 2258 344 2309; x_wconf 73' lang='lat' dir='ltr'>struere</span> <span class='ocrx_word' id='word_1_241' title='bbox 352 2294 359 2317; x_wconf 88' lang='lat'><strong>,</strong></span> <span class='ocrx_word' id='word_1_242' title='bbox 368 2260 390 2305; x_wconf 85' lang='lat' dir='ltr'>si</span> <span class='ocrx_word' id='word_1_243' title='bbox 398 2260 492 2323; x_wconf 87' lang='lat' dir='ltr'>pluteis</span> <span class='ocrx_word' id='word_1_244' title='bbox 502 2262 646 2307; x_wconf 79' lang='lat' dir='ltr'>cratibusve</span> <span class='ocrx_word' id='word_1_245' title='bbox 654 2263 754 2326; x_wconf 80' lang='lat' dir='ltr'>protegi</span> <span class='ocrx_word' id='word_1_246' title='bbox 765 2275 864 2308; x_wconf 84' lang='lat' dir='ltr'>necesse</span> <span class='ocrx_word' id='word_1_247' title='bbox 872 2257 960 2313; x_wconf 84' lang='lat' dir='ltr'>luerit,</span> <span class='ocrx_word' id='word_1_248' title='bbox 970 2267 999 2304; x_wconf 93' lang='lat' dir='ltr'>ut</span> <span class='ocrx_word' id='word_1_249' title='bbox 1008 2255 1062 2302; x_wconf 82' lang='lat' dir='ltr'>vul·</span> 
     </span>
     <span class='ocr_line' id='line_1_30' title="bbox 157 2328 1109 2405; baseline -0.008 -22"><span class='ocrx_word' id='word_1_250' title='bbox 157 2352 202 2401; x_wconf 83' lang='lat' dir='ltr'>gua</span> <span class='ocrx_word' id='word_1_251' title='bbox 210 2329 392 2397; x_wconf 75' lang='lat' dir='ltr'>improvidum,</span> <span class='ocrx_word' id='word_1_252' title='bbox 405 2328 468 2375; x_wconf 87' lang='lat' dir='ltr'>irriti</span> <span class='ocrx_word' id='word_1_253' title='bbox 478 2333 615 2388; x_wconf 88' lang='lat' dir='ltr'>stabimus,</span> <span class='ocrx_word' id='word_1_254' title='bbox 628 2333 793 2382; x_wconf 87' lang='lat' dir='ltr'>altitudinem</span> <span class='ocrx_word' id='word_1_255' title='bbox 808 2333 934 2393; x_wconf 85' lang='lat' dir='ltr'>turrium,</span> <span class='ocrx_word' id='word_1_256' title='bbox 947 2341 975 2381; x_wconf 87' lang='lat' dir='ltr'>et</span> <span class='ocrx_word' id='word_1_257' title='bbox 984 2330 1059 2376; x_wconf 78' lang='lat' dir='ltr'>aliena</span> <span class='ocrx_word' id='word_1_258' title='bbox 1108 2342 1109 2405; x_wconf 45' lang='lat' dir='ltr'>p</span> 
     </span>
     <span class='ocr_line' id='line_1_31' title="bbox 156 2398 1109 2479; baseline -0.003 -27"><span class='ocrx_word' id='word_1_259' title='bbox 156 2405 312 2455; x_wconf 88' lang='lat' dir='ltr'>munimenta</span> <span class='ocrx_word' id='word_1_260' title='bbox 328 2398 469 2450; x_wconf 81' lang='lat' dir='ltr'>mirantes?</span> <span class='ocrx_word' id='word_1_261' title='bbox 482 2401 551 2462; x_wconf 85' lang='lat' dir='ltr'>Quin</span> <span class='ocrx_word' id='word_1_262' title='bbox 566 2402 654 2468; x_wconf 83' lang='lat' dir='ltr'>potiits</span> <span class='ocrx_word' id='word_1_263' title='bbox 665 2406 736 2454; x_wconf 71' lang='lat' dir='ltr'>morl</span> <span class='ocrx_word' id='word_1_264' title='bbox 752 2406 834 2453; x_wconf 88' lang='lat' dir='ltr'>noctis</span> <span class='ocrx_word' id='word_1_265' title='bbox 845 2405 935 2464; x_wconf 89' lang='lat' dir='ltr'>unius,</span> <span class='ocrx_word' id='word_1_266' title='bbox 953 2401 1061 2450; x_wconf 80' lang='lat' dir='ltr'>advectis</span> <span class='ocrx_word' id='word_1_267' title='bbox 1108 2416 1109 2479; x_wconf 56' lang='lat' dir='ltr'>p</span> 
     </span>
     <span class='ocr_line' id='line_1_32' title="bbox 155 2469 1109 2539; baseline -0.008 -11"><span class='ocrx_word' id='word_1_268' title='bbox 155 2475 289 2529; x_wconf 86' lang='lat' dir='ltr'>tormentis</span> <span class='ocrx_word' id='word_1_269' title='bbox 303 2471 491 2539; x_wconf 78' lang='lat' dir='ltr'>machinisque,</span> <span class='ocrx_word' id='word_1_270' title='bbox 506 2477 561 2524; x_wconf 88' lang='lat' dir='ltr'>vim</span> <span class='ocrx_word' id='word_1_271' title='bbox 572 2479 755 2539; x_wconf 71' lang='lat' dir='ltr'>victoriamque</span> <span class='ocrx_word' id='word_1_272' title='bbox 766 2476 901 2523; x_wconf 88' lang='lat' dir='ltr'>nobiscum</span> <span class='ocrx_word' id='word_1_273' title='bbox 913 2469 1061 2527; x_wconf 60' lang='lat' dir='ltr'>ierimussi</span> <span class='ocrx_word' id='word_1_274' title='bbox 1108 2482 1109 2513; x_wconf 77' lang='lat' dir='ltr'>t</span> 
     </span>
    </p>

    <p class='ocr_par' dir='ltr' id='par_1_6' title="bbox 98 2536 1109 2691">
     <span class='ocr_line' id='line_1_33' title="bbox 98 2547 1109 2643; baseline -0.005 -43"><span class='ocrx_word' id='word_1_275' title='bbox 98 2564 102 2573; x_wconf 87' lang='lat'><em>&#39;</em></span> <span class='ocrx_word' id='word_1_276' title='bbox 157 2549 239 2601; x_wconf 83' lang='lat' dir='ltr'>Simul</span> <span class='ocrx_word' id='word_1_277' title='bbox 249 2549 319 2605; x_wconf 57' lang='lat' dir='ltr'>tiras,</span> <span class='ocrx_word' id='word_1_278' title='bbox 324 2547 473 2610; x_wconf 82' lang='lat' dir='ltr'>calonesque</span> <span class='ocrx_word' id='word_1_279' title='bbox 483 2585 491 2606; x_wconf 89' lang='lat'><strong><em>,</em></strong></span> <span class='ocrx_word' id='word_1_280' title='bbox 502 2566 562 2599; x_wconf 90' lang='lat' dir='ltr'>cum</span> <span class='ocrx_word' id='word_1_281' title='bbox 572 2549 748 2598; x_wconf 83' lang='lat' dir='ltr'>recentissimis</span> <span class='ocrx_word' id='word_1_282' title='bbox 764 2548 898 2612; x_wconf 83' lang='lat' dir='ltr'>equitum,</span> <span class='ocrx_word' id='word_1_283' title='bbox 912 2547 1059 2601; x_wconf 72' lang='lat' dir='ltr'>bedriacum</span> <span class='ocrx_word' id='word_1_284' title='bbox 1107 2582 1109 2643; x_wconf 51' lang='lat'>4</span> 
     </span>
     <span class='ocr_line' id='line_1_34' title="bbox 157 2622 732 2691; baseline -0.01 -15"><span class='ocrx_word' id='word_1_285' title='bbox 157 2625 256 2684; x_wconf 84' lang='lat' dir='ltr'>mittit,</span> <span class='ocrx_word' id='word_1_286' title='bbox 266 2622 354 2689; x_wconf 85' lang='lat' dir='ltr'>copias</span> <span class='ocrx_word' id='word_1_287' title='bbox 365 2659 372 2680; x_wconf 91' lang='lat'>,</span> <span class='ocrx_word' id='word_1_288' title='bbox 384 2628 518 2691; x_wconf 71' lang='lat' dir='ltr'>geteraque</span> <span class='ocrx_word' id='word_1_289' title='bbox 533 2626 590 2673; x_wconf 83' lang='lat' dir='ltr'>usui</span> <span class='ocrx_word' id='word_1_290' title='bbox 603 2624 732 2672; x_wconf 86' lang='lat' dir='ltr'>allaturos.</span> 
     </span>
    </p>

    <p class='ocr_par' dir='ltr' id='par_1_7' title="bbox 157 2694 1062 3497">
     <span class='ocr_line' id='line_1_35' title="bbox 191 2694 1060 2773; baseline -0.002 -27"><span class='ocrx_word' id='word_1_291' title='bbox 191 2697 267 2746; x_wconf 83' lang='lat' dir='ltr'>XXl.</span> <span class='ocrx_word' id='word_1_292' title='bbox 277 2695 308 2745; x_wconf 92' lang='lat' dir='ltr'>ld</span> <span class='ocrx_word' id='word_1_293' title='bbox 318 2701 379 2746; x_wconf 84' lang='lat' dir='ltr'>vero</span> <span class='ocrx_word' id='word_1_294' title='bbox 391 2694 454 2773; x_wconf 57' lang='lat' dir='ltr'>we</span> <span class='ocrx_word' id='word_1_295' title='bbox 464 2698 588 2748; x_wconf 85' lang='lat' dir='ltr'>tolerante</span> <span class='ocrx_word' id='word_1_296' title='bbox 598 2699 691 2758; x_wconf 87' lang='lat' dir='ltr'>milite,</span> <span class='ocrx_word' id='word_1_297' title='bbox 702 2695 782 2763; x_wconf 73' lang='lat' dir='ltr'>propi</span> <span class='ocrx_word' id='word_1_298' title='bbox 789 2697 940 2746; x_wconf 88' lang='lat' dir='ltr'>seditionem</span> <span class='ocrx_word' id='word_1_299' title='bbox 949 2709 1060 2754; x_wconf 83' lang='lat' dir='ltr'>ventum,</span> 
     </span>
     <span class='ocr_line' id='line_1_36' title="bbox 159 2771 1059 2837; baseline -0.001 -17"><span class='ocrx_word' id='word_1_300' title='bbox 159 2788 238 2837; x_wconf 89' lang='lat' dir='ltr'>quum</span> <span class='ocrx_word' id='word_1_301' title='bbox 247 2771 373 2836; x_wconf 81' lang='lat' dir='ltr'>progressi</span> <span class='ocrx_word' id='word_1_302' title='bbox 381 2771 478 2835; x_wconf 85' lang='lat' dir='ltr'>equites</span> <span class='ocrx_word' id='word_1_303' title='bbox 488 2771 535 2819; x_wconf 91' lang='lat' dir='ltr'>sub</span> <span class='ocrx_word' id='word_1_304' title='bbox 545 2772 598 2837; x_wconf 83' lang='lat' dir='ltr'>ipsa</span> <span class='ocrx_word' id='word_1_305' title='bbox 607 2773 698 2820; x_wconf 83' lang='lat' dir='ltr'>moenia</span> <span class='ocrx_word' id='word_1_306' title='bbox 706 2806 713 2829; x_wconf 91' lang='lat'><em>,</em></span> <span class='ocrx_word' id='word_1_307' title='bbox 726 2786 804 2836; x_wconf 78' lang='lat' dir='ltr'>vagos</span> <span class='ocrx_word' id='word_1_308' title='bbox 813 2788 844 2819; x_wconf 78' lang='lat' dir='ltr'>er</span> <span class='ocrx_word' id='word_1_309' title='bbox 853 2771 1059 2819; x_wconf 79' lang='lat' dir='ltr'>Cremonensibus</span> 
     </span>
     <span class='ocr_line' id='line_1_37' title="bbox 161 2836 1058 2909; baseline -0.003 -14"><span class='ocrx_word' id='word_1_310' title='bbox 161 2845 316 2909; x_wconf 85' lang='lat' dir='ltr'>corripiunt:</span> <span class='ocrx_word' id='word_1_311' title='bbox 326 2859 434 2906; x_wconf 88' lang='lat' dir='ltr'>quorum</span> <span class='ocrx_word' id='word_1_312' title='bbox 445 2842 539 2891; x_wconf 85' lang='lat' dir='ltr'>iudicio</span> <span class='ocrx_word' id='word_1_313' title='bbox 552 2836 681 2902; x_wconf 84' lang='lat' dir='ltr'>noscitur,</span> <span class='ocrx_word' id='word_1_314' title='bbox 696 2860 710 2888; x_wconf 84' lang='lat' dir='ltr'>u</span> <span class='ocrx_word' id='word_1_315' title='bbox 722 2858 766 2890; x_wconf 80' lang='lat' dir='ltr'>sex</span> <span class='ocrx_word' id='word_1_316' title='bbox 776 2842 919 2891; x_wconf 86' lang='lat' dir='ltr'>Vitellianas</span> <span class='ocrx_word' id='word_1_317' title='bbox 931 2842 1058 2906; x_wconf 83' lang='lat' dir='ltr'>legiones,</span> 
     </span>
     <span class='ocr_line' id='line_1_38' title="bbox 161 2912 1061 2982; baseline -0.002 -19"><span class='ocrx_word' id='word_1_318' title='bbox 161 2933 313 2981; x_wconf 86' lang='lat' dir='ltr'>omnemque</span> <span class='ocrx_word' id='word_1_319' title='bbox 327 2918 481 2976; x_wconf 82' lang='lat' dir='ltr'>exereitum,</span> <span class='ocrx_word' id='word_1_320' title='bbox 498 2918 542 2980; x_wconf 90' lang='lat' dir='ltr'>qui</span> <span class='ocrx_word' id='word_1_321' title='bbox 553 2918 669 2968; x_wconf 79' lang='lat' dir='ltr'>Hostilia</span> <span class='ocrx_word' id='word_1_322' title='bbox 684 2912 784 2982; x_wconf 80' lang='lat' dir='ltr'>egerat,</span> <span class='ocrx_word' id='word_1_323' title='bbox 798 2934 828 2965; x_wconf 89' lang='lat' dir='ltr'>eo</span> <span class='ocrx_word' id='word_1_324' title='bbox 840 2918 891 2980; x_wconf 89' lang='lat' dir='ltr'>ipso</span> <span class='ocrx_word' id='word_1_325' title='bbox 903 2913 944 2960; x_wconf 87' lang='lat' dir='ltr'>die</span> <span class='ocrx_word' id='word_1_326' title='bbox 958 2919 1061 2982; x_wconf 75' lang='lat' dir='ltr'>trigiuts</span> 
     </span>
     <span class='ocr_line' id='line_1_39' title="bbox 159 2987 1061 3058; baseline 0.006 -24"><span class='ocrx_word' id='word_1_327' title='bbox 159 2989 239 3055; x_wconf 77' lang='lat' dir='ltr'>millia</span> <span class='ocrx_word' id='word_1_328' title='bbox 251 3005 370 3051; x_wconf 88' lang='lat' dir='ltr'>passuum</span> <span class='ocrx_word' id='word_1_329' title='bbox 387 3006 531 3050; x_wconf 77' lang='lat' dir='ltr'>emensum,</span> <span class='ocrx_word' id='word_1_330' title='bbox 550 2990 679 3058; x_wconf 75' lang='lat' dir='ltr'>compertis</span> <span class='ocrx_word' id='word_1_331' title='bbox 695 3007 800 3038; x_wconf 84' lang='lat' dir='ltr'>suorum</span> <span class='ocrx_word' id='word_1_332' title='bbox 811 2987 893 3046; x_wconf 82' lang='lat' dir='ltr'>clade,</span> <span class='ocrx_word' id='word_1_333' title='bbox 908 2987 933 3033; x_wconf 90' lang='lat' dir='ltr'>in</span> <span class='ocrx_word' id='word_1_334' title='bbox 946 2991 1061 3051; x_wconf 73' lang='lat' dir='ltr'>praelium</span> 
     </span>
     <span class='ocr_line' id='line_1_40' title="bbox 161 3054 1062 3123; baseline 0.001 -13"><span class='ocrx_word' id='word_1_335' title='bbox 161 3060 270 3123; x_wconf 75' lang='lat' dir='ltr'>accingi,</span> <span class='ocrx_word' id='word_1_336' title='bbox 279 3059 365 3122; x_wconf 86' lang='lat' dir='ltr'>acjam</span> <span class='ocrx_word' id='word_1_337' title='bbox 374 3061 484 3112; x_wconf 78' lang='lat' dir='ltr'>affore».</span> <span class='ocrx_word' id='word_1_338' title='bbox 495 3064 518 3111; x_wconf 91' lang='lat' dir='ltr'>ls</span> <span class='ocrx_word' id='word_1_339' title='bbox 526 3076 608 3112; x_wconf 82' lang='lat' dir='ltr'>terror</span> <span class='ocrx_word' id='word_1_340' title='bbox 618 3065 759 3112; x_wconf 86' lang='lat' dir='ltr'>obstructas</span> <span class='ocrx_word' id='word_1_341' title='bbox 769 3072 861 3111; x_wconf 86' lang='lat' dir='ltr'>mentes</span> <span class='ocrx_word' id='word_1_342' title='bbox 870 3054 987 3108; x_wconf 89' lang='lat' dir='ltr'>consiliis</span> <span class='ocrx_word' id='word_1_343' title='bbox 994 3063 1062 3111; x_wconf 85' lang='lat' dir='ltr'>ducis</span> 
     </span>
     <span class='ocr_line' id='line_1_41' title="bbox 161 3128 1061 3203; baseline 0.002 -23"><span class='ocrx_word' id='word_1_344' title='bbox 161 3131 269 3198; x_wconf 84' lang='lat' dir='ltr'>aperuit.</span> <span class='ocrx_word' id='word_1_345' title='bbox 286 3131 377 3181; x_wconf 78' lang='lat' dir='ltr'>sistere</span> <span class='ocrx_word' id='word_1_346' title='bbox 393 3128 493 3184; x_wconf 86' lang='lat' dir='ltr'>tertiam</span> <span class='ocrx_word' id='word_1_347' title='bbox 511 3138 636 3202; x_wconf 80' lang='lat' dir='ltr'>legionem</span> <span class='ocrx_word' id='word_1_348' title='bbox 652 3139 676 3185; x_wconf 92' lang='lat' dir='ltr'>in</span> <span class='ocrx_word' id='word_1_349' title='bbox 692 3138 747 3203; x_wconf 85' lang='lat' dir='ltr'>ipso</span> <span class='ocrx_word' id='word_1_350' title='bbox 764 3130 806 3182; x_wconf 72' lang='lat' dir='ltr'>vta</span> <span class='ocrx_word' id='word_1_351' title='bbox 821 3134 958 3181; x_wconf 77' lang='lat' dir='ltr'>Postumiae</span> <span class='ocrx_word' id='word_1_352' title='bbox 972 3151 1061 3201; x_wconf 78' lang='lat' dir='ltr'>aggere</span> 
     </span>
     <span class='ocr_line' id='line_1_42' title="bbox 161 3202 1061 3274; baseline 0.007 -23"><span class='ocrx_word' id='word_1_353' title='bbox 161 3205 246 3272; x_wconf 82' lang='lat' dir='ltr'>jubet,</span> <span class='ocrx_word' id='word_1_354' title='bbox 258 3203 298 3250; x_wconf 90' lang='lat' dir='ltr'>cui</span> <span class='ocrx_word' id='word_1_355' title='bbox 308 3202 391 3265; x_wconf 80' lang='lat' dir='ltr'>juncte</span> <span class='ocrx_word' id='word_1_356' title='bbox 403 3205 417 3254; x_wconf 75' lang='lat' dir='ltr'>al</span> <span class='ocrx_word' id='word_1_357' title='bbox 428 3207 490 3259; x_wconf 79' lang='lat' dir='ltr'>laevo</span> <span class='ocrx_word' id='word_1_358' title='bbox 503 3213 611 3274; x_wconf 85' lang='lat' dir='ltr'>septima</span> <span class='ocrx_word' id='word_1_359' title='bbox 622 3210 759 3266; x_wconf 81' lang='lat' dir='ltr'>Galbiana,</span> <span class='ocrx_word' id='word_1_360' title='bbox 769 3207 866 3273; x_wconf 86' lang='lat' dir='ltr'>patenti</span> <span class='ocrx_word' id='word_1_361' title='bbox 877 3211 1061 3272; x_wconf 69' lang='lat' dir='ltr'>component,</span> 
     </span>
     <span class='ocr_line' id='line_1_43' title="bbox 161 3276 1062 3349; baseline 0.009 -27"><span class='ocrx_word' id='word_1_362' title='bbox 161 3278 219 3324; x_wconf 87' lang='lat' dir='ltr'>dein</span> <span class='ocrx_word' id='word_1_363' title='bbox 229 3276 333 3338; x_wconf 89' lang='lat' dir='ltr'>septima</span> <span class='ocrx_word' id='word_1_364' title='bbox 347 3277 499 3338; x_wconf 83' lang='lat' dir='ltr'>Claudiana,</span> <span class='ocrx_word' id='word_1_365' title='bbox 513 3285 605 3347; x_wconf 84' lang='lat' dir='ltr'>agresti</span> <span class='ocrx_word' id='word_1_366' title='bbox 615 3283 681 3332; x_wconf 72' lang='lat' dir='ltr'>forst</span> <span class='ocrx_word' id='word_1_367' title='bbox 692 3283 813 3349; x_wconf 86' lang='lat' dir='ltr'>(italocus</span> <span class='ocrx_word' id='word_1_368' title='bbox 823 3279 887 3347; x_wconf 84' lang='lat' dir='ltr'>erat)</span> <span class='ocrx_word' id='word_1_369' title='bbox 898 3284 1044 3346; x_wconf 70' lang='lat' dir='ltr'>premonita</span> <span class='ocrx_word' id='word_1_370' title='bbox 1054 3302 1062 3345; x_wconf 77' lang='lat'>5</span> 
     </span>
     <span class='ocr_line' id='line_1_44' title="bbox 158 3349 1061 3418; baseline 0.01 -21"><span class='ocrx_word' id='word_1_371' title='bbox 158 3349 265 3406; x_wconf 82' lang='lat' dir='ltr'>dextro,</span> <span class='ocrx_word' id='word_1_372' title='bbox 281 3358 369 3396; x_wconf 79' lang='lat' dir='ltr'>octava</span> <span class='ocrx_word' id='word_1_373' title='bbox 382 3366 551 3418; x_wconf 77' lang='lat' dir='ltr'>perspectum</span> <span class='ocrx_word' id='word_1_374' title='bbox 567 3358 689 3416; x_wconf 84' lang='lat' dir='ltr'>limitem,</span> <span class='ocrx_word' id='word_1_375' title='bbox 702 3373 762 3405; x_wconf 80' lang='lat' dir='ltr'>mox</span> <span class='ocrx_word' id='word_1_376' title='bbox 776 3356 964 3412; x_wconf 82' lang='lat' dir='ltr'>tertiadecima,</span> <span class='ocrx_word' id='word_1_377' title='bbox 976 3356 1061 3406; x_wconf 79' lang='lat' dir='ltr'>densis</span> 
     </span>
     <span class='ocr_line' id='line_1_45' title="bbox 157 3421 1059 3497; baseline 0.009 -24"><span class='ocrx_word' id='word_1_378' title='bbox 157 3422 268 3475; x_wconf 80' lang='lat' dir='ltr'>arbustis</span> <span class='ocrx_word' id='word_1_379' title='bbox 283 3421 421 3488; x_wconf 75' lang='lat' dir='ltr'>intercepta</span> <span class='ocrx_word' id='word_1_380' title='bbox 436 3425 500 3474; x_wconf 65' lang='lat' dir='ltr'>alric</span> <span class='ocrx_word' id='word_1_381' title='bbox 516 3429 659 3492; x_wconf 86' lang='lat' dir='ltr'>aquilarum</span> <span class='ocrx_word' id='word_1_382' title='bbox 675 3432 853 3497; x_wconf 83' lang='lat' dir='ltr'>signorumque</span> <span class='ocrx_word' id='word_1_383' title='bbox 870 3427 933 3479; x_wconf 87' lang='lat' dir='ltr'>erdo</span> <span class='ocrx_word' id='word_1_384' title='bbox 948 3429 1059 3481; x_wconf 82' lang='lat' dir='ltr'>:militet</span> 
     </span>
    </p>
   </div>
   <div class='ocr_carea' id='block_1_3' title="bbox 0 0 1133 3817">
    <p class='ocr_par' dir='ltr' id='par_1_8' title="bbox 0 0 1133 3817">
     <span class='ocr_line' id='line_1_46' title="bbox 0 0 1133 3817; baseline 0 0"><span class='ocrx_word' id='word_1_385' title='bbox 0 0 1133 3817; x_wconf 95' lang='lat' dir='ltr'> </span> 
     </span>
    </p>
   </div>
  </div>
 </body>
</html>
