2234 3817
152 184 202 236 434
471 193 605 242 essone,
621 190 734 231 rrerrr
795 196 797 201 ’

154 292 204 331 tur.
219 276 281 326 Mox
289 275 435 331 Odensiunr,
443 275 687 340 Leptitanorumque
698 273 837 326 discordias
847 252 1054 342 componit,qne,

154 364 229 419 raptu
239 350 341 416 frugum
350 361 376 397 et
386 347 511 396 decorum
524 349 586 397 inter
601 361 725 414 agrestes,
740 349 848 398 modicis
859 350 996 416 principiis
1004 352 1055 412 ,jan

154 444 198 494 per·
209 440 277 473 arma
285 423 435 487 atque'acies
445 418 636 472 eiereehantur.
645 423 712 472 Nam
723 425 833 490 populus
845 424 966 482 oensis,
978 424 1056 472 multi·
1075 470 1076 481 ,

154 498 243 552 tudine
253 496 371 555 inferior,
380 488 546 545 Garamantas
555 498 694 552 exciveras,
703 509 804 562 gentem
814 495 969 545 indomitam
981 509 1019 557 ,et
1026 498 1060 545 ia-

156 584 194 621 ter
212 569 307 619 accolas
318 567 457 614 latrociniis
472 563 617 619 fecrrndam.
633 567 708 615 Unde
719 580 793 617 arctes
802 569 943 634 Leptitanis
956 586 1010 628 res,
1024 571 1060 618 ta-
1075 596 1076 599 ¹

92 684 95 691 .
155 645 229 708 serpis
246 640 348 691 raststie
360 640 441 705 agris,
458 632 522 689 inlra
532 641 625 688 moenia
638 641 811 707 trepidabant:
825 641 906 690 donec
923 644 1060 692 interventu

156 714 298 771 dehortiurn
313 715 456 778 alarumque
465 712 514 762 lusi
532 715 716 774 Garamantes,
727 729 753 765 et
763 729 865 782 recepta
874 718 954 775 omnis
965 717 1059 781 prede,

156 793 205 843 uisi
215 806 291 856 qnam
301 782 358 855 vagi
368 805 414 854 per
427 789 554 837 inaccessa
565 791 704 857 mapalium
715 790 881 840 ulterioribus
892 789 1061 839 vendiderant.

160 876 163 881 Δ
188 883 284 955 LL-At
298 881 469 946 Vespasiano,
485 893 544 947 post
562 884 758 933 Cremonensem
773 900 900 950 pugnam,
915 895 941 931 et
957 898 1062 951 prospe·

157 975 198 1011 ros
208 956 319 1019 undique
329 953 446 1012 orentios,
459 971 473 1003 o
484 954 604 1004 cecidisse
612 958 748 1005 Vitellium
758 975 774 1006 u
784 994 790 1018 ,
802 959 877 1006 multi
892 957 1015 1022 cujusque
1024 975 1061 1006 or·

159 1031 239 1087 dinis,
252 1028 307 1094 pari
319 1025 423 1075 audaciis
433 1026 586 1092 fortuneque
594 1027 727 1077 hibemum
742 1047 811 1079 mare
822 1031 952 1096 adgressi,
962 1031 1060 1079 nuntia·
1067 1054 1076 1059 ψ

159 1105 227 1156 stre.
247 1099 362 1150 Aderant
377 1100 463 1164 legati
475 1102 542 1164 regie
558 1102 695 1168 Vologesi,
714 1103 901 1169 «quadraginta
918 1105 1062 1152 Psrtlrorum

161 1176 275 1243 equitum
285 1168 388 1222 milliar
401 1171 545 1222 ollerentes.
557 1173 723 1240 Magnificum
732 1177 883 1240 latumque,
894 1176 974 1224 tantis
988 1175 1062 1224 rocio·
1075 1164 1076 1237 l

159 1268 218 1303 rum
237 1249 339 1298 auxiliis
358 1248 468 1313 ambiri,
489 1264 572 1314 neque
595 1248 717 1317 indigere.
737 1253 832 1300 Gratiae
850 1252 982 1316 Vologeso
997 1261 1063 1310 acte,

160 1323 374 1397 mandatumque,
385 1338 399 1369 u
408 1332 438 1370 ut
447 1322 550 1388 legatos
561 1323 593 1372 ad
610 1338 726 1375 senatum
738 1329 864 1386 mitteret,
875 1340 903 1374 et
915 1332 1008 1391 pacem
1016 1339 1062 1372 esse

161 1401 237 1449 sciret
246 1413 271 1445 r.
292 1395 463 1459 Vespasianus
475 1398 502 1445 in
517 1397 633 1461 ltaliam,
647 1414 737 1464 resque
749 1401 819 1450 urbis
832 1401 962 1460 intentus,
984 1397 1062 1445 adrer-

159 1490 214 1523 sam
227 1473 258 1519 de
271 1470 422 1521 Domitiano
431 1469 524 1521 lamam
536 1474 643 1540 accipit:
656 1487 797 1543 otanquam
807 1477 929 1523 terminos
945 1473 1062 1527 :stasim

160 1561 277 1596 concessa
286 1545 339 1593 lilio
349 1545 509 1608 egrederetur
517 1563 542 1596 r.
552 1547 633 1612 lgitur
644 1550 825 1598 validissimam
838 1548 968 1596 exercitus
979 1556 1064 1615 partem

160 1621 221 1671 Tito
236 1617 326 1677 tradit,
336 1617 367 1665 ad
377 1619 474 1679 reliqua
486 1619 584 1667 Iudaici
596 1622 657 1668 belli
666 1616 844 1687 perpetranda.

190 1709 251 1759 Ltt.
263 1708 362 1762 Τιίυω,
375 1718 508 1768 antequam
521 1704 714 1770 digrederetur,
725 1714 808 1760 multo
819 1714 889 1776 apud
904 1712 1010 1777 patrem
1020 1728 1076 1761 serr

136 1841 139 1847 Ι
154 1800 242 1835 ,mone
253 1797 335 1831 orasse
347 1779 491 1838 dicebatur,
502 1779 752 1829 ‹tne'criminantium
763 1785 859 1830 nuntiis
871 1788 976 1833 temere
989 1801 1068 1835 neren·

163 1858 280 1921 deretur,
294 1854 468 1920 integrumque
488 1865 552 1902 sese
570 1852 720 1916 placabilem
735 1854 785 1902 lilio
799 1861 944 1921 prestaret.
964 1859 1029 1908 Noe
1039 1858 1067 1905 le

165 1933 266 1998 glories,
278 1945 330 1976 uon
342 1923 556 1992 classes,perinde
568 1927 638 1975 firma
649 1928 750 1995 imperii
758 1929 935 1991 munimenta,
948 1931 1024 1995 quim
1035 1946 1069 1977 nn·

160 2004 263 2054 ‘merum
278 2002 427 2051 liberorum.
441 2002 507 2050 Nam
522 2000 616 2067 aniicos
635 2014 763 2067 tempore,
782 1999 899 2065 lortund,
918 2003 1070 2070 cupidinibus

164 2075 317 2142 aliquando,
332 2087 378 2124 sut
388 2075 532 2134 erroribus,
544 2075 678 2135 imminui,
698 2074 840 2137 transferri,
862 2074 980 2125 desinere
991 2096 997 2125 :
1007 2091 1068 2124 suurn

166 2152 255 2214 cuique
268 2150 416 2211 sanguinem
435 2147 616 2208 indiscretum,
631 2148 676 2196 sed
691 2150 799 2198 maxime
815 2149 994 2217 principibns3
1012 2165 1068 2214 qno·

166 2238 223 2274 rum
233 2223 361 2288 prosperis
370 2232 396 2270 et
404 2222 447 2270 aiii
456 2224 581 2287 linantur,
589 2222 695 2273 adversa
704 2223 734 2272 ad
741 2224 913 2289 junctissimos
919 2227 1069 2290 pertineret:

167 2314 199 2347 ne
219 2294 338 2342 iratribus
356 2294 461 2356 quidem
481 2312 626 2346 mansuram
640 2298 821 2358 concordiam,
839 2299 865 2347 ni
886 2315 979 2364 parens
993 2313 1069 2346 exem·

164 2368 235 2433 plum
251 2361 432 2428 prebuisset».
447 2367 633 2432 Vespasianus,
649 2368 717 2417 haud
730 2370 798 2434 :eque
810 2370 961 2419 Domitiano
977 2372 1069 2434 mitiga·

165 2448 219 2495 tus,
236 2433 314 2499 qulm
334 2435 386 2484 Titi
405 2436 501 2500 pietate
525 2438 653 2501 gaudens,
672 2442 766 2488 ebono
789 2459 846 2492 esse
864 2445 972 2492 animno
995 2444 1071 2507 jubet,

169 2529 185 2561 s
193 2510 311 2573 belloque
322 2519 348 2556 ct
358 2507 436 2555 armis
448 2508 631 2572 rempublicam
644 2513 776 2560 attollere:
789 2515 841 2564 sibi
854 2532 941 2583 pacem
954 2515 1070 2565 domun·

102 2630 123 2635 „
148 2600 218 2657 *que
235 2596 297 2633 cure
311 2580 399 2639 for'e‘a.
412 2581 480 2629 Tum
498 2581 647 2639 celerrimas,
664 2585 783 2646 narium,
808 2589 937 2640 frumento
958 2603 1071 2642 onustes,

171 2677 236 2714 saevo
246 2656 329 2708 adhuc
340 2656 405 2708 mari
415 2657 563 2706 committit.
575 2656 677 2726 Quippe
689 2671 760 2729 tanto
776 2650 919 2712 discrimine
934 2665 996 2712 urbs
1005 2674 1070 2711 nnu-

172 2740 232 2792 bst,
242 2732 366 2782 ntdecem
375 2729 562 2798 baudampliirs
571 2730 670 2781 dierum
682 2732 839 2785 frumentum
850 2739 875 2784 in
883 2734 986 2786 horreis
996 2737 1069 2793 luerit,

174 2827 251 2880 quum
262 2806 277 2858 i
290 2807 447 2877 Vespasiano
458 2817 614 2856 commeatus
625 2808 773 2861 subvenere.

207 2904 276 2955 Llli.
300 2905 390 2953 Curam
410 2899 557 2969 restituendi
579 2901 698 2968 Capitolii
715 2904 741 2951 in
756 2905 786 2951 L.
808 2901 944 2953 Vestinum
969 2900 1072 2959 coelen,

97 3015 98 3018 ,
172 2978 299 3042 equestris
313 2975 409 3024 ordinis
420 2976 504 3025 virum
514 3010 521 3034 ,
535 2973 580 3023 sed
591 2976 740 3026 auctoritate
749 2975 860 3041 famique
871 2974 940 3023 inter
952 2988 1072 3041 proceres·

175 3044 215 3104 Ab
229 3066 259 3098 eo
270 3050 395 3113 contracti
404 3048 548 3116 haruspices
564 3050 683 3099 monudre
689 3089 699 3112 ,
717 3061 767 3099 out
778 3047 887 3111 retiqutoe
902 3050 999 3115 prioris
1010 3048 1071 3097 delr-

176 3125 216 3174 bri
226 3123 253 3170 in
267 3120 373 3185 paludes
384 3122 563 3171 arelrerentur:
572 3120 793 3191 templum-iisdem
801 3120 918 3186 vestigiis
931 3122 1071 3173 sisteretur:

126 3246 134 3261 ᾗ
177 3196 246 3246 nolle
260 3193 321 3241 deos
329 3195 422 3242 mutari
434 3208 545 3244 retorem
556 3194 662 3243 fonnem
670 3214 695 3244 ».
705 3194 845 3243 Undecimo
853 3195 985 3249 Kalendas
994 3195 1076 3247 iulias,

178 3264 265 3316 serensi
280 3266 353 3322 luce,
368 3268 480 3330 spatium
498 3285 572 3316 omne
591 3269 661 3331 quod
679 3269 774 3334 templo
790 3268 942 3328 dicabatur,
953 3272 1076 3318 evinctum

95 3338 97 3343 ’
179 3339 250 3384 rittis
262 3334 421 3398 eoroniique.
434 3341 543 3405 Ingressi
553 3340 666 3400 milites,
677 3343 733 3406 quis
746 3340 826 3390 lausto
838 3344 958 3398 nomina,
967 3340 1076 3391 feticibus

178 3410 270 3459 somn:
285 3405 607 3476 dampnosissime,
626 3428 687 3465 cum
707 3414 792 3480 pueris
808 3414 948 3483 puellisque
970 3409 1077 3482 patritffi'¹
