2234 3817
285 38 329 83 ‘s

68 213 70 217 ¹
126 153 177 207 118
215 144 228 188 ἒ
248 172 251 183 ·
444 164 716 209 acoemetensi

124 248 170 316 qui
183 246 233 298 dux
246 245 329 316 gentis
338 245 462 309 Etruscae,
474 265 552 313 quum
563 252 686 303 auxilium
694 251 848 318 appellatum
859 253 1043 332 ductarisseg'

124 325 211 373 sedem
222 339 277 371 eam
293 332 423 387 acceperat
437 322 451 370 l
463 322 603 389 Tarquinio
617 327 721 386 «Prisco,
734 343 779 375 seu
792 329 848 392 quis
864 332 928 383 alius
940 352 1033 402 regum

124 396 208 447 dedit:
219 411 276 445 nam
287 396 421 460 scriptores
429 398 456 445 iu
465 413 495 445 eo
505 397 673 448 dissentiunt:
681 413 765 450 cetera
772 418 824 452 non
832 406 949 472 ambigua
958 423 1030 472 sunt,

121 487 225 536 magnas
235 485 278 520 eas
289 471 375 536 copias
385 486 430 535 per
442 472 516 537 plana
530 474 607 521 etiam
619 490 648 522 ac
661 472 717 523 soro
730 477 874 542 propinqua
884 478 1010 535 habitasse
1017 519 1026 546 ,

120 545 188 595 undis
202 545 317 596 Tuscum
327 544 414 595 vicum
424 543 438 591 ὲ
447 546 571 595 vocabulo
583 546 738 597 advenarum
748 548 856 602 dictum.
876 532 888 556 x
969 540 980 602 ἕ

151 617 246 668 LXVI.
259 614 308 664 Sed
317 627 346 664 ut
354 617 437 665 studia
448 633 601 683 procerum,
613 632 640 669 et
649 621 749 687 largitio
759 624 881 692 principis
892 628 1027 682 adversum

120 707 206 741 casum
219 691 339 749 solatium
350 691 474 756 tulerant3
489 693 524 742 ita
533 707 708 743 accusatorum
717 695 797 760 major
807 699 831 746 in
845 699 899 749 dies
910 713 937 750 et
948 703 1028 757 tates·

118 767 169 817 tior
176 768 213 814 ris
221 766 276 813 sine
281 764 426 814 levamento
434 767 595 831 grassabatur
602 785 608 816 ε
616 770 822 834 corripueratque
829 771 927 822 Varum
934 778 1029 841 Quinc.

117 841 204 891 tilium
216 837 336 897 divitem,
347 848 373 887 et
384 839 475 888 eanri
487 841 673 907 propinquum,
686 842 817 892 Domitius
830 844 903 910 Aser,
915 849 1027 900 Claudias

117 913 245 971 Pulchre,
264 912 353 961 matris
369 911 437 976 ejus,
452 913 648 979 condemnator3
666 916 739 964 nullo
758 917 884 978 mirante,
900 921 969 986 qusd
980 924 1028 976 diu*

118 1006 207 1058 egeus,
221 1000 247 1037 et
256 999 330 1054 parto
342 1005 423 1054 nuper
433 993 535 1056 premio
544 991 609 1040 mali
623 1008 682 1040 usus
688 1026 695 1049 ,
706 992 780 1057 plura
791 993 823 1041 ad
833 995 926 1060 flagitis
935 1000 1024 1050 accin-

117 1078 228 1136 geretur.
240 1064 531 1126 PubliumDolabellam
540 1069 635 1116 socium
647 1067 781 1118 delationis
792 1072 930 1130 exstitisse,
940 1075 1020 1124 mira-

116 1142 176 1191 culo
191 1149 257 1199 erat,
269 1138 328 1202 quia
345 1138 420 1186 claris
438 1140 587 1204 maioribus,
599 1153 626 1189 et
635 1142 703 1190 Varo
721 1159 865 1208 connexus,
882 1163 951 1194 suam
962 1148 1017 1212 ipss

117 1216 286 1270 nobilitatem,
298 1227 373 1260 suum
385 1215 534 1278 sanguinem
548 1215 676 1279 perditum
691 1217 753 1267 ibat.
766 1216 870 1267 Restitit
880 1230 966 1268 tamen
977 1237 1020 1270 se·

115 1302 205 1348 natus,
221 1300 247 1338 et
262 1287 450 1356 apperiendum
463 1291 654 1358 imperatorem
665 1291 779 1340 censuit:
793 1293 862 1357 quod
877 1310 958 1343 unum
975 1311 1021 1343 ur·

112 1365 230 1432 gentium
240 1362 366 1411 matorum
379 1359 514 1426 suffugium
525 1364 551 1410 in
564 1373 665 1428 tempus
676 1375 739 1412 crat.
1057 1424 1060 1429 μ

113 1448 124 1498 t,
146 1435 253 1486 LXVII.
265 1434 299 1484 At
308 1434 388 1483 Caesar
395 1433 517 1484 dedicatis
525 1452 572 1502 per
581 1438 745 1502 Campaniam
754 1436 863 1502 templis.
876 1455 1020 1504 quanquam

115 1511 200 1562 edicto
212 1510 367 1571 monuisset,
383 1524 434 1556 ane
450 1509 506 1572 quis
517 1511 629 1572 quietem
639 1511 693 1574 ejus
703 1512 894 1577 irrumperet»,
910 1508 1029 1563 caucum

114 1600 206 1652 susque
216 1580 401 1647 oppidanorum
411 1579 535 1644 disposito
546 1584 629 1632 milite
640 1583 836 1649 prohiberentur
847 1604 855 1650 3
866 1579 970 1651 perusiae
983 1600 1019 1636 ta·

114 1677 174 1710 men
183 1655 336 1720 municipia,
345 1666 371 1702 et
380 1655 502 1718 colonias,
512 1658 649 1722 omnisque
657 1661 683 1707 in
690 1660 831 1707 continenti
839 1661 884 1708 sita
893 1696 898 1713 ,
910 1660 1016 1723 Capreas

112 1753 140 1786 ee
151 1735 178 1782 in
187 1730 294 1780 insulam
302 1726 415 1787 abdidit,
427 1727 507 1776 trium
515 1730 626 1779 millium
634 1730 699 1780 freto
706 1733 738 1781 ab
746 1734 865 1781 extremis
875 1732 1015 1782 Surrentini

111 1803 279 1877 promontorii
290 1799 451 1863 disiunctam.
462 1803 631 1853 Solitudinem
643 1805 698 1871 ojus
709 1807 827 1873 placuisse
839 1804 946 1853 maxime
959 1823 1014 1857 crc-

112 1882 234 1936 ditlerim,
246 1879 366 1944 quonism
376 1878 563 1943 importuosum
572 1879 639 1928 circi
648 1897 731 1944 mare,
741 1891 767 1929 et
774 1879 816 1927 rix
823 1878 928 1928 modicis
936 1881 1015 1930 navi·

111 1961 159 2031 giis
170 1972 248 2024 pauca
263 1951 374 2003 subsidia
384 1972 391 2019 3
403 1968 484 2017 neque
498 1953 626 2021 adpulerit
641 1958 788 2022 quisquam,
800 1956 848 2003 nisi
862 1972 940 2021 gnaro
953 1972 1016 2006 cus-

111 2033 186 2084 tode:
195 2031 250 2080 coeli
261 2032 394 2095 temperies
403 2026 565 2079 hiememitis
574 2067 581 2088 ‚
592 2029 696 2096 objectu
704 2033 797 2080 montis
805 2067 811 2085 ,
819 2047 871 2094 quo
882 2047 947 2079 sara
956 2048 1014 2081 reu·

109 2122 197 2160 torum
208 2116 325 2155 arcentur
337 2121 343 2150 τ
359 2114 429 2151 aestas
441 2102 467 2151 in
482 2099 625 2153 Favonium
636 2105 759 2167 obversa,
777 2117 803 2153 et
818 2116 907 2170 aperto
918 2104 1013 2154 circrim

108 2185 198 2252 pelago
210 2195 352 2244 peramoena
361 2172 368 2235 ζ
378 2179 605 2244 prospectabatque
618 2179 818 2244 pulcherrimum
829 2180 928 2239 sinum,
941 2189 1014 2228 antc-

109 2272 184 2322 quam
193 2253 321 2300 Vesuvius
332 2266 405 2298 mous
418 2251 552 2301 ardescens
566 2254 657 2302 faciem
667 2253 717 2300 loci
732 2264 850 2300 verteret.
864 2255 967 2303 Graecos
985 2268 1014 2302 ea

106 2328 230 2380 tenuisse,
249 2325 406 2388 Capreasque
422 2324 540 2375 Telebois
556 2325 695 2381 habitatas,
710 2323 775 2372 lama
792 2325 879 2372 tradit.
894 2327 946 2374 Sed
957 2338 1012 2376 tum

107 2399 225 2452 Tiberius
239 2395 375 2443 duodecim
386 2396 505 2446 villarum
521 2398 684 2453 nominibus,
697 2407 723 2443 et
736 2394 845 2442 molibus
860 2395 1009 2465 insederat3

106 2471 202 2540 quanto
212 2470 323 2519 intentus
336 2470 398 2518 olim
407 2470 520 2536 publicas
529 2473 561 2521 ad
573 2489 656 2529 curas,
667 2469 738 2519 tantb
746 2468 868 2516 occultior
877 2471 903 2516 in
913 2470 990 2519 luxus
999 2507 1009 2534 ,

105 2560 132 2599 et
143 2547 238 2597 malum
252 2547 333 2594 otium
344 2542 478 2595 resolutus.
491 2548 609 2596 Manebat
619 2544 712 2610 quippe
726 2545 899 2609 suspicionum
911 2556 937 2592 et
948 2558 1009 2593 cre·-

105 2620 183 2673 dendi
192 2620 327 2683 temeritas,
335 2620 518 2686 quamSejauus
527 2636 616 2686 augere
623 2618 699 2668 etiam
709 2619 735 2666 in
745 2618 806 2666 urbe
814 2630 914 2680 suetus,
924 2617 1007 2669 scriba

100 2696 235 2753 turbabat,
248 2714 300 2745 non
315 2695 365 2759 iam
381 2695 487 2745 occultis
504 2693 638 2744 adversum
654 2692 821 2760 Agrippinam
836 2705 863 2742 et
877 2694 1008 2764 Neronem

74 2764 78 2767 ⁵
103 2770 202 2825 insidiis
214 2791 219 2820 ι
232 2771 287 2834 quis
295 2771 397 2819 additus
406 2771 479 2818 miles
488 2807 495 2827 ,
505 2771 622 2834 nuntios,
633 2766 767 2832 introitus,
781 2779 882 2834 aperta,
895 2779 1008 2831 secreta,

104 2847 174 2897 velut
186 2846 211 2895 iu
225 2840 326 2893 annales
340 2842 483 2890 referebat:
497 2844 616 2911 ultroque
626 2845 804 2901 struebantur,
819 2845 862 2907 qui
874 2852 1008 2889 monerent

101 2918 233 2985 perfugere
245 2918 276 2966 ad
295 2915 434 2964 Germania
446 2918 585 2976 exercitus,
601 2920 641 2967 rel
659 2918 825 2967 celeberrimo
836 2917 884 2964 lori
899 2916 1007 2979 effigiem

102 2991 158 3040 diri
169 2991 277 3053 Augusti
290 2986 423 3050 amplecti,
439 2988 616 3054 populumque
632 3006 661 3038 ac
675 3003 789 3040 senatum
800 2989 895 3039 auxilio
906 3002 1007 3036 vocare.

31 3084 39 3093 ⁸
102 3063 187 3129 anue
196 3073 280 3128 spreta
291 3060 322 3109 ab
334 3060 383 3109 illis
393 3097 398 3119 ,
410 3062 482 3111 velut
492 3054 841 3130 pararent{obintebsutme

133 3135 254 3188 vant.
266 3134 342 3184 lunio
351 3135 451 3193 Silano,
462 3147 487 3184 et
497 3135 558 3183 Silio
567 3134 650 3184 Nervi
661 3140 733 3189 Coss.
745 3139 841 3188 lordum
848 3136 906 3186 anni
914 3134 1008 3203 princi·

99 3213 172 3277 pium
185 3211 300 3273 incessit,
311 3220 391 3258 tracto
405 3211 430 3259 in
444 3223 570 3261 carcerem
583 3209 678 3260 illustri
690 3210 777 3278 equite
792 3211 923 3267 Romano,
936 3210 1008 3259 Titio

99 3283 191 3335 Sabino
198 3318 205 3342 ,
212 3282 245 3331 ob
254 3281 391 3331 amicitiam
401 3280 559 3330 Germanici:
569 3297 651 3343 neque
661 3287 731 3334 enim
740 3287 862 3335 omiserat
871 3283 1006 3348 conjugem

97 3355 239 3420 liberosque
253 3355 307 3421 ejus
316 3352 457 3421 percolere,
470 3362 579 3402 sectator
590 3352 674 3414 domi,
685 3374 771 3406 comes
781 3361 808 3406 in
821 3359 937 3422 publico,
946 3368 1009 3422 post

98 3430 252 3480 totclientes
262 3445 328 3479 tinus
335 3448 343 3493 5
356 3425 437 3496 eoque
450 3424 518 3493 apud
526 3424 609 3478 bonos
620 3428 752 3494 laudatus,
764 3444 791 3483 et
803 3435 889 3499 gravis
900 3433 1005 3501 iniquis.
