<?xml version="1.0" encoding="UTF-8"?>
<!DOCTYPE html PUBLIC "-//W3C//DTD XHTML 1.0 Transitional//EN"
    "http://www.w3.org/TR/xhtml1/DTD/xhtml1-transitional.dtd">
<html xmlns="http://www.w3.org/1999/xhtml" xml:lang="en" lang="en">
 <head>
  <title>
</title>
<meta http-equiv="Content-Type" content="text/html;charset=utf-8" />
  <meta name='ocr-system' content='tesseract 3.04.00' />
  <meta name='ocr-capabilities' content='ocr_page ocr_carea ocr_par ocr_line ocrx_word'/>
</head>
<body>
  <div class='ocr_page' id='page_1' title='image "./ccorntacitioper01brotgoog_0249.png"; bbox 0 0 2234 3817; ppageno 0'>
   <div class='ocr_carea' id='block_1_1' title="bbox 368 111 986 194">
    <p class='ocr_par' dir='ltr' id='par_1_1' title="bbox 368 111 986 194">
     <span class='ocr_line' id='line_1_1' title="bbox 368 111 986 194; baseline 0.006 -22"><span class='ocrx_word' id='word_1_1' title='bbox 368 131 545 173; x_wconf 81' lang='lat' dir='ltr'><strong>anussrnn</strong></span> <span class='ocrx_word' id='word_1_2' title='bbox 565 138 631 175; x_wconf 83' lang='lat' dir='ltr'><strong>sss.</strong></span> <span class='ocrx_word' id='word_1_3' title='bbox 652 140 701 176; x_wconf 80' lang='lat' dir='ltr'><strong>xv.</strong></span> <span class='ocrx_word' id='word_1_4' title='bbox 806 111 810 118; x_wconf 65' lang='grc'><strong>’</strong></span> <span class='ocrx_word' id='word_1_5' title='bbox 937 127 986 194; x_wconf 63' lang='lat'><strong>245</strong></span> 
     </span>
    </p>
   </div>
   <div class='ocr_carea' id='block_1_2' title="bbox 73 215 1071 2050">
    <p class='ocr_par' dir='ltr' id='par_1_2' title="bbox 73 215 1071 1971">
     <span class='ocr_line' id='line_1_2' title="bbox 82 215 990 291; baseline -0.002 -20"><span class='ocrx_word' id='word_1_6' title='bbox 82 221 164 291; x_wconf 89' lang='lat' dir='ltr'><strong>petita</strong></span> <span class='ocrx_word' id='word_1_7' title='bbox 180 218 229 269; x_wconf 91' lang='lat' dir='ltr'><strong>diis</strong></span> <span class='ocrx_word' id='word_1_8' title='bbox 235 215 351 285; x_wconf 89' lang='lat' dir='ltr'><strong>piacula,</strong></span> <span class='ocrx_word' id='word_1_9' title='bbox 363 216 473 281; x_wconf 78' lang='lat' dir='ltr'>aditique</span> <span class='ocrx_word' id='word_1_10' title='bbox 482 217 581 282; x_wconf 68' lang='lat' dir='ltr'><strong>Sibyllae</strong></span> <span class='ocrx_word' id='word_1_11' title='bbox 591 218 664 279; x_wconf 81' lang='lat' dir='ltr'>libri,</span> <span class='ocrx_word' id='word_1_12' title='bbox 678 233 708 266; x_wconf 82' lang='lat' dir='ltr'><strong>ex</strong></span> <span class='ocrx_word' id='word_1_13' title='bbox 718 217 809 283; x_wconf 91' lang='lat' dir='ltr'><strong>quibus</strong></span> <span class='ocrx_word' id='word_1_14' title='bbox 819 220 990 286; x_wconf 68' lang='lat' dir='ltr'><strong>supplicatum</strong></span> 
     </span>
     <span class='ocr_line' id='line_1_3' title="bbox 84 291 991 360; baseline -0.001 -16"><span class='ocrx_word' id='word_1_15' title='bbox 84 293 201 348; x_wconf 77' lang='lat' dir='ltr'><strong>Vulcano</strong></span> <span class='ocrx_word' id='word_1_16' title='bbox 211 303 236 340; x_wconf 87' lang='lat' dir='ltr'><strong>et</strong></span> <span class='ocrx_word' id='word_1_17' title='bbox 248 291 336 339; x_wconf 87' lang='lat' dir='ltr'><strong>Cereri</strong></span> <span class='ocrx_word' id='word_1_18' title='bbox 346 291 549 356; x_wconf 75' lang='lat' dir='ltr'><strong>Proserpinaque</strong></span> <span class='ocrx_word' id='word_1_19' title='bbox 560 327 566 346; x_wconf 89' lang='lat'><strong>,</strong></span> <span class='ocrx_word' id='word_1_20' title='bbox 578 306 607 340; x_wconf 88' lang='lat' dir='ltr'><strong>ac</strong></span> <span class='ocrx_word' id='word_1_21' title='bbox 614 292 749 357; x_wconf 88' lang='lat' dir='ltr'><strong>propitiata</strong></span> <span class='ocrx_word' id='word_1_22' title='bbox 760 291 773 340; x_wconf 88' lang='lat' dir='ltr'>J</span> <span class='ocrx_word' id='word_1_23' title='bbox 776 309 825 342; x_wconf 89' lang='lat' dir='ltr'><strong>nno</strong></span> <span class='ocrx_word' id='word_1_24' title='bbox 834 309 880 360; x_wconf 87' lang='lat' dir='ltr'><strong>per</strong></span> <span class='ocrx_word' id='word_1_25' title='bbox 891 306 991 344; x_wconf 84' lang='lat' dir='ltr'><strong>matto-</strong></span> 
     </span>
     <span class='ocr_line' id='line_1_4' title="bbox 81 359 1071 432; baseline 0 -15"><span class='ocrx_word' id='word_1_26' title='bbox 81 379 141 430; x_wconf 75' lang='lat' dir='ltr'><strong>nas,</strong></span> <span class='ocrx_word' id='word_1_27' title='bbox 157 359 271 432; x_wconf 73' lang='lat' dir='ltr'><strong>primum</strong></span> <span class='ocrx_word' id='word_1_28' title='bbox 282 366 309 412; x_wconf 90' lang='lat' dir='ltr'><strong>in</strong></span> <span class='ocrx_word' id='word_1_29' title='bbox 321 364 462 429; x_wconf 84' lang='lat' dir='ltr'><strong>Capitolio,</strong></span> <span class='ocrx_word' id='word_1_30' title='bbox 479 363 570 412; x_wconf 90' lang='lat' dir='ltr'><strong>deinde</strong></span> <span class='ocrx_word' id='word_1_31' title='bbox 586 364 654 429; x_wconf 88' lang='lat' dir='ltr'><strong>apud</strong></span> <span class='ocrx_word' id='word_1_32' title='bbox 666 366 811 429; x_wconf 79' lang='lat' dir='ltr'><strong>proximum</strong></span> <span class='ocrx_word' id='word_1_33' title='bbox 821 383 895 420; x_wconf 82' lang='lat' dir='ltr'><strong>‚mare</strong></span> <span class='ocrx_word' id='word_1_34' title='bbox 905 386 911 415; x_wconf 91' lang='lat'>:</span> <span class='ocrx_word' id='word_1_35' title='bbox 923 367 991 417; x_wconf 86' lang='lat' dir='ltr'><strong>unde</strong></span> <span class='ocrx_word' id='word_1_36' title='bbox 1065 382 1071 393; x_wconf 83' lang='grc'><strong><em>’</em></strong></span> 
     </span>
     <span class='ocr_line' id='line_1_5' title="bbox 81 436 1003 507; baseline 0.001 -17"><span class='ocrx_word' id='word_1_37' title='bbox 81 440 170 490; x_wconf 75' lang='lat' dir='ltr'><strong>hausti</strong></span> <span class='ocrx_word' id='word_1_38' title='bbox 181 439 260 503; x_wconf 75' lang='lat' dir='ltr'><strong>aqud,</strong></span> <span class='ocrx_word' id='word_1_39' title='bbox 270 437 395 501; x_wconf 87' lang='lat' dir='ltr'><strong>templum</strong></span> <span class='ocrx_word' id='word_1_40' title='bbox 404 449 430 486; x_wconf 88' lang='lat' dir='ltr'><strong>et</strong></span> <span class='ocrx_word' id='word_1_41' title='bbox 438 438 601 486; x_wconf 68' lang='lat' dir='ltr'><strong>simulacrum</strong></span> <span class='ocrx_word' id='word_1_42' title='bbox 609 436 661 485; x_wconf 88' lang='lat' dir='ltr'><strong>deae</strong></span> <span class='ocrx_word' id='word_1_43' title='bbox 668 454 828 505; x_wconf 69' lang='lat' dir='ltr'><strong>prosperatum</strong></span> <span class='ocrx_word' id='word_1_44' title='bbox 836 452 891 507; x_wconf 78' lang='lat' dir='ltr'><strong>est5</strong></span> <span class='ocrx_word' id='word_1_45' title='bbox 903 450 930 488; x_wconf 87' lang='lat' dir='ltr'><strong>et</strong></span> <span class='ocrx_word' id='word_1_46' title='bbox 937 441 1003 492; x_wconf 66' lang='lat' dir='ltr'><strong>seta·</strong></span> 
     </span>
     <span class='ocr_line' id='line_1_6' title="bbox 79 510 988 575; baseline 0.002 -13"><span class='ocrx_word' id='word_1_47' title='bbox 79 513 193 562; x_wconf 85' lang='lat' dir='ltr'><strong>listernia</strong></span> <span class='ocrx_word' id='word_1_48' title='bbox 208 527 238 559; x_wconf 88' lang='lat' dir='ltr'><strong>ac</strong></span> <span class='ocrx_word' id='word_1_49' title='bbox 252 510 385 575; x_wconf 80' lang='lat' dir='ltr'><strong>pervigilia</strong></span> <span class='ocrx_word' id='word_1_50' title='bbox 400 511 558 559; x_wconf 76' lang='lat' dir='ltr'><strong>celebravere</strong></span> <span class='ocrx_word' id='word_1_51' title='bbox 573 510 687 568; x_wconf 80' lang='lat' dir='ltr'><strong>lemicae,</strong></span> <span class='ocrx_word' id='word_1_52' title='bbox 701 513 792 575; x_wconf 87' lang='lat' dir='ltr'><strong>quibus</strong></span> <span class='ocrx_word' id='word_1_53' title='bbox 805 515 890 562; x_wconf 89' lang='lat' dir='ltr'><strong>mariti</strong></span> <span class='ocrx_word' id='word_1_54' title='bbox 905 526 988 566; x_wconf 87' lang='lat' dir='ltr'><strong>eraut.</strong></span> 
     </span>
     <span class='ocr_line' id='line_1_7' title="bbox 79 582 989 652; baseline -0.002 -15"><span class='ocrx_word' id='word_1_55' title='bbox 79 588 132 638; x_wconf 78' lang='lat' dir='ltr'><strong>ded</strong></span> <span class='ocrx_word' id='word_1_56' title='bbox 142 603 194 635; x_wconf 84' lang='lat' dir='ltr'><strong>non</strong></span> <span class='ocrx_word' id='word_1_57' title='bbox 203 600 251 651; x_wconf 89' lang='lat' dir='ltr'><strong>ope</strong></span> <span class='ocrx_word' id='word_1_58' title='bbox 264 582 387 645; x_wconf 81' lang='lat' dir='ltr'><strong>humant,</strong></span> <span class='ocrx_word' id='word_1_59' title='bbox 398 600 451 632; x_wconf 90' lang='lat' dir='ltr'><strong>non</strong></span> <span class='ocrx_word' id='word_1_60' title='bbox 459 584 635 648; x_wconf 71' lang='lat' dir='ltr'><strong>largitionibus</strong></span> <span class='ocrx_word' id='word_1_61' title='bbox 643 584 778 651; x_wconf 88' lang='lat' dir='ltr'><strong>principis,</strong></span> <span class='ocrx_word' id='word_1_62' title='bbox 790 599 834 635; x_wconf 89' lang='lat' dir='ltr'><strong>aut</strong></span> <span class='ocrx_word' id='word_1_63' title='bbox 843 585 919 635; x_wconf 78' lang='lat' dir='ltr'><strong>deum</strong></span> <span class='ocrx_word' id='word_1_64' title='bbox 930 588 989 652; x_wconf 88' lang='lat' dir='ltr'><strong>pla·</strong></span> 
     </span>
     <span class='ocr_line' id='line_1_8' title="bbox 78 660 1044 725; baseline -0.001 -12"><span class='ocrx_word' id='word_1_65' title='bbox 78 663 219 724; x_wconf 85' lang='lat' dir='ltr'><strong>camentis,</strong></span> <span class='ocrx_word' id='word_1_66' title='bbox 229 660 367 709; x_wconf 77' lang='lat' dir='ltr'>decedebat</span> <span class='ocrx_word' id='word_1_67' title='bbox 377 660 490 724; x_wconf 78' lang='lat' dir='ltr'><strong>infamia,</strong></span> <span class='ocrx_word' id='word_1_68' title='bbox 498 663 560 725; x_wconf 88' lang='lat' dir='ltr'><strong>quin</strong></span> <span class='ocrx_word' id='word_1_69' title='bbox 568 662 665 724; x_wconf 85' lang='lat' dir='ltr'><strong>jussum</strong></span> <span class='ocrx_word' id='word_1_70' title='bbox 675 662 821 711; x_wconf 78' lang='lat' dir='ltr'><strong>incendium</strong></span> <span class='ocrx_word' id='word_1_71' title='bbox 830 662 987 713; x_wconf 78' lang='lat' dir='ltr'><strong>crederetur.</strong></span> <span class='ocrx_word' id='word_1_72' title='bbox 1041 661 1044 664; x_wconf 45' lang='lat'><strong>¹</strong></span> 
     </span>
     <span class='ocr_line' id='line_1_9' title="bbox 77 695 1004 856; baseline 0.002 -70"><span class='ocrx_word' id='word_1_73' title='bbox 77 738 148 803; x_wconf 80' lang='lat' dir='ltr'><strong>Ergo</strong></span> <span class='ocrx_word' id='word_1_74' title='bbox 159 736 283 786; x_wconf 89' lang='lat' dir='ltr'><strong>abolendo</strong></span> <span class='ocrx_word' id='word_1_75' title='bbox 293 734 469 786; x_wconf 82' lang='lat' dir='ltr'><strong>rumoriNero</strong></span> <span class='ocrx_word' id='word_1_76' title='bbox 481 733 595 788; x_wconf 87' lang='lat' dir='ltr'><strong>subdidit</strong></span> <span class='ocrx_word' id='word_1_77' title='bbox 603 752 673 794; x_wconf 82' lang='lat' dir='ltr'><strong>reos,</strong></span> <span class='ocrx_word' id='word_1_78' title='bbox 682 749 708 785; x_wconf 90' lang='lat' dir='ltr'><strong>et</strong></span> <span class='ocrx_word' id='word_1_79' title='bbox 718 738 898 802; x_wconf 64' lang='lat' dir='ltr'><strong>quesitissimis</strong></span> <span class='ocrx_word' id='word_1_80' title='bbox 911 695 1004 856; x_wconf 48' lang='lat' dir='ltr'><strong>pentes*</strong></span> 
     </span>
     <span class='ocr_line' id='line_1_10' title="bbox 79 810 988 878; baseline 0.003 -17"><span class='ocrx_word' id='word_1_81' title='bbox 79 810 189 868; x_wconf 84' lang='lat' dir='ltr'><strong>adiecit,</strong></span> <span class='ocrx_word' id='word_1_82' title='bbox 202 827 267 875; x_wconf 90' lang='lat' dir='ltr'><strong>qnos</strong></span> <span class='ocrx_word' id='word_1_83' title='bbox 276 826 321 875; x_wconf 82' lang='lat' dir='ltr'><strong>pcr</strong></span> <span class='ocrx_word' id='word_1_84' title='bbox 329 810 422 874; x_wconf 75' lang='lat' dir='ltr'><strong>flagitia</strong></span> <span class='ocrx_word' id='word_1_85' title='bbox 431 810 540 869; x_wconf 82' lang='lat' dir='ltr'><strong>inrisos,</strong></span> <span class='ocrx_word' id='word_1_86' title='bbox 551 811 642 875; x_wconf 72' lang='lat' dir='ltr'><strong>vulqus</strong></span> <span class='ocrx_word' id='word_1_87' title='bbox 653 812 825 867; x_wconf 75' lang='lat' dir='ltr'><strong>Christianos</strong></span> <span class='ocrx_word' id='word_1_88' title='bbox 834 813 988 878; x_wconf 83' lang='lat' dir='ltr'><strong>appellabat.</strong></span> 
     </span>
     <span class='ocr_line' id='line_1_11' title="bbox 76 883 990 952; baseline 0 -16"><span class='ocrx_word' id='word_1_89' title='bbox 76 888 176 940; x_wconf 79' lang='lat' dir='ltr'><strong>Auctor</strong></span> <span class='ocrx_word' id='word_1_90' title='bbox 185 885 296 934; x_wconf 86' lang='lat' dir='ltr'><strong>nominis</strong></span> <span class='ocrx_word' id='word_1_91' title='bbox 305 884 360 947; x_wconf 79' lang='lat' dir='ltr'><strong>ejus</strong></span> <span class='ocrx_word' id='word_1_92' title='bbox 369 884 498 940; x_wconf 79' lang='lat' dir='ltr'><strong>Christus,</strong></span> <span class='ocrx_word' id='word_1_93' title='bbox 507 883 615 933; x_wconf 79' lang='lat' dir='ltr'><strong>Tiberio</strong></span> <span class='ocrx_word' id='word_1_94' title='bbox 623 887 797 950; x_wconf 70' lang='lat' dir='ltr'><strong>imperitante,</strong></span> <span class='ocrx_word' id='word_1_95' title='bbox 808 903 854 949; x_wconf 82' lang='lat' dir='ltr'><strong>per</strong></span> <span class='ocrx_word' id='word_1_96' title='bbox 864 901 990 952; x_wconf 85' lang='lat' dir='ltr'><strong>procura-</strong></span> 
     </span>
     <span class='ocr_line' id='line_1_12' title="bbox 73 956 986 1022; baseline -0.001 -13"><span class='ocrx_word' id='word_1_97' title='bbox 73 970 156 1011; x_wconf 86' lang='lat' dir='ltr'><strong>torem</strong></span> <span class='ocrx_word' id='word_1_98' title='bbox 167 959 287 1009; x_wconf 89' lang='lat' dir='ltr'><strong>Pontium</strong></span> <span class='ocrx_word' id='word_1_99' title='bbox 299 958 424 1018; x_wconf 79' lang='lat' dir='ltr'><strong>Pilatum,</strong></span> <span class='ocrx_word' id='word_1_100' title='bbox 439 957 567 1022; x_wconf 71' lang='lat' dir='ltr'><strong>supplicio</strong></span> <span class='ocrx_word' id='word_1_101' title='bbox 581 956 683 1006; x_wconf 81' lang='lat' dir='ltr'><strong>affectus</strong></span> <span class='ocrx_word' id='word_1_102' title='bbox 694 969 758 1011; x_wconf 86' lang='lat' dir='ltr'><strong>erat.</strong></span> <span class='ocrx_word' id='word_1_103' title='bbox 773 960 946 1022; x_wconf 83' lang='lat' dir='ltr'><strong>Repressaque</strong></span> <span class='ocrx_word' id='word_1_104' title='bbox 957 960 986 1008; x_wconf 87' lang='lat' dir='ltr'><strong>in</strong></span> 
     </span>
     <span class='ocr_line' id='line_1_13' title="bbox 75 1032 1005 1110; baseline -0.003 -26"><span class='ocrx_word' id='word_1_105' title='bbox 75 1052 185 1102; x_wconf 82' lang='lat' dir='ltr'><strong>praesens</strong></span> <span class='ocrx_word' id='word_1_106' title='bbox 197 1033 331 1084; x_wconf 79' lang='lat' dir='ltr'><strong>exitiabilis</strong></span> <span class='ocrx_word' id='word_1_107' title='bbox 345 1035 493 1099; x_wconf 80' lang='lat' dir='ltr'><strong>superstitio</strong></span> <span class='ocrx_word' id='word_1_108' title='bbox 502 1032 591 1082; x_wconf 86' lang='lat' dir='ltr'><strong>rursits</strong></span> <span class='ocrx_word' id='word_1_109' title='bbox 602 1035 768 1099; x_wconf 74' lang='lat' dir='ltr'><strong>erumpebat,</strong></span> <span class='ocrx_word' id='word_1_110' title='bbox 786 1049 837 1084; x_wconf 87' lang='lat' dir='ltr'><strong>uon</strong></span> <span class='ocrx_word' id='word_1_111' title='bbox 849 1033 927 1084; x_wconf 75' lang='lat' dir='ltr'><strong>modo</strong></span> <span class='ocrx_word' id='word_1_112' title='bbox 938 1050 986 1098; x_wconf 84' lang='lat' dir='ltr'><strong>per</strong></span> <span class='ocrx_word' id='word_1_113' title='bbox 1000 1083 1005 1110; x_wconf 54' lang='lat'>¹</span> 
     </span>
     <span class='ocr_line' id='line_1_14' title="bbox 74 1106 1006 1173; baseline 0 -16"><span class='ocrx_word' id='word_1_114' title='bbox 74 1108 202 1168; x_wconf 77' lang='lat' dir='ltr'><strong>Iudaeam,</strong></span> <span class='ocrx_word' id='word_1_115' title='bbox 215 1107 340 1173; x_wconf 71' lang='lat' dir='ltr'><strong>originem</strong></span> <span class='ocrx_word' id='word_1_116' title='bbox 351 1106 405 1169; x_wconf 73' lang='lat' dir='ltr'><strong>ejus</strong></span> <span class='ocrx_word' id='word_1_117' title='bbox 418 1107 494 1171; x_wconf 87' lang='lat' dir='ltr'><strong>mali,</strong></span> <span class='ocrx_word' id='word_1_118' title='bbox 509 1107 552 1154; x_wconf 88' lang='lat' dir='ltr'><strong>sed</strong></span> <span class='ocrx_word' id='word_1_119' title='bbox 564 1123 610 1171; x_wconf 85' lang='lat' dir='ltr'><strong>per</strong></span> <span class='ocrx_word' id='word_1_120' title='bbox 621 1108 710 1155; x_wconf 92' lang='lat' dir='ltr'><strong>urbem</strong></span> <span class='ocrx_word' id='word_1_121' title='bbox 724 1109 800 1156; x_wconf 88' lang='lat' dir='ltr'><strong>etiam</strong></span> <span class='ocrx_word' id='word_1_122' title='bbox 811 1143 818 1166; x_wconf 86' lang='lat'><strong>,</strong></span> <span class='ocrx_word' id='word_1_123' title='bbox 830 1106 881 1172; x_wconf 75' lang='lat' dir='ltr'><strong>quei</strong></span> <span class='ocrx_word' id='word_1_124' title='bbox 894 1118 986 1158; x_wconf 86' lang='lat' dir='ltr'><strong>cuneta</strong></span> <span class='ocrx_word' id='word_1_125' title='bbox 1003 1131 1006 1136; x_wconf 91' lang='lat'>·</span> 
     </span>
     <span class='ocr_line' id='line_1_15' title="bbox 76 1179 1004 1264; baseline 0.001 -34"><span class='ocrx_word' id='word_1_126' title='bbox 76 1181 187 1246; x_wconf 91' lang='lat' dir='ltr'><strong>undique</strong></span> <span class='ocrx_word' id='word_1_127' title='bbox 199 1182 307 1235; x_wconf 85' lang='lat' dir='ltr'><strong>atrocia,</strong></span> <span class='ocrx_word' id='word_1_128' title='bbox 322 1193 367 1229; x_wconf 89' lang='lat' dir='ltr'><strong>aut</strong></span> <span class='ocrx_word' id='word_1_129' title='bbox 379 1179 498 1246; x_wconf 85' lang='lat' dir='ltr'><strong>pudenda</strong></span> <span class='ocrx_word' id='word_1_130' title='bbox 513 1182 659 1243; x_wconf 80' lang='lat' dir='ltr'><strong>confluunt,</strong></span> <span class='ocrx_word' id='word_1_131' title='bbox 674 1182 891 1246; x_wconf 77' lang='lat' dir='ltr'><strong>celebranturque.</strong></span> <span class='ocrx_word' id='word_1_132' title='bbox 906 1179 985 1244; x_wconf 77' lang='lat' dir='ltr'><strong>Igitur</strong></span> <span class='ocrx_word' id='word_1_133' title='bbox 1000 1211 1004 1264; x_wconf 59' lang='lat' dir='ltr'><strong>q</strong></span> 
     </span>
     <span class='ocr_line' id='line_1_16' title="bbox 74 1253 1002 1321; baseline 0.002 -20"><span class='ocrx_word' id='word_1_134' title='bbox 74 1254 189 1319; x_wconf 85' lang='lat' dir='ltr'><strong>prirnirm</strong></span> <span class='ocrx_word' id='word_1_135' title='bbox 198 1255 316 1321; x_wconf 84' lang='lat' dir='ltr'><strong>correpti,</strong></span> <span class='ocrx_word' id='word_1_136' title='bbox 325 1257 369 1318; x_wconf 85' lang='lat' dir='ltr'><strong>qui</strong></span> <span class='ocrx_word' id='word_1_137' title='bbox 377 1254 530 1314; x_wconf 83' lang='lat' dir='ltr'><strong>fatebantur,</strong></span> <span class='ocrx_word' id='word_1_138' title='bbox 540 1253 633 1303; x_wconf 88' lang='lat' dir='ltr'><strong>deinde</strong></span> <span class='ocrx_word' id='word_1_139' title='bbox 643 1254 740 1303; x_wconf 87' lang='lat' dir='ltr'><strong>indicio</strong></span> <span class='ocrx_word' id='word_1_140' title='bbox 749 1271 836 1304; x_wconf 77' lang='lat' dir='ltr'><strong>eorum</strong></span> <span class='ocrx_word' id='word_1_141' title='bbox 845 1254 1002 1314; x_wconf 71' lang='lat' dir='ltr'><strong>multitudos,</strong></span> 
     </span>
     <span class='ocr_line' id='line_1_17' title="bbox 74 1317 1004 1398; baseline -0.001 -22"><span class='ocrx_word' id='word_1_142' title='bbox 74 1329 182 1391; x_wconf 78' lang='lat' dir='ltr'><strong>ingens,</strong></span> <span class='ocrx_word' id='word_1_143' title='bbox 193 1323 259 1374; x_wconf 85' lang='lat' dir='ltr'><strong>baud</strong></span> <span class='ocrx_word' id='word_1_144' title='bbox 268 1327 371 1392; x_wconf 86' lang='lat' dir='ltr'><strong>perinde</strong></span> <span class='ocrx_word' id='word_1_145' title='bbox 382 1328 526 1376; x_wconf 88' lang='lat' dir='ltr'><strong>incrimine</strong></span> <span class='ocrx_word' id='word_1_146' title='bbox 537 1326 661 1383; x_wconf 84' lang='lat' dir='ltr'><strong>incendii,</strong></span> <span class='ocrx_word' id='word_1_147' title='bbox 671 1325 747 1391; x_wconf 80' lang='lat' dir='ltr'><strong>quim</strong></span> <span class='ocrx_word' id='word_1_148' title='bbox 758 1326 818 1377; x_wconf 90' lang='lat' dir='ltr'><strong>odio</strong></span> <span class='ocrx_word' id='word_1_149' title='bbox 828 1327 930 1375; x_wconf 85' lang='lat' dir='ltr'><strong>humani</strong></span> <span class='ocrx_word' id='word_1_150' title='bbox 938 1317 1004 1398; x_wconf 55' lang='lat' dir='ltr'><strong>ges-q</strong></span> 
     </span>
     <span class='ocr_line' id='line_1_18' title="bbox 75 1399 1015 1467; baseline 0 -18"><span class='ocrx_word' id='word_1_151' title='bbox 75 1401 149 1450; x_wconf 85' lang='lat' dir='ltr'><strong>neris</strong></span> <span class='ocrx_word' id='word_1_152' title='bbox 162 1401 270 1451; x_wconf 83' lang='lat' dir='ltr'><strong>convicti</strong></span> <span class='ocrx_word' id='word_1_153' title='bbox 283 1413 352 1450; x_wconf 88' lang='lat' dir='ltr'><strong>sunt.</strong></span> <span class='ocrx_word' id='word_1_154' title='bbox 371 1400 404 1449; x_wconf 77' lang='lat' dir='ltr'><strong>lit</strong></span> <span class='ocrx_word' id='word_1_155' title='bbox 416 1402 582 1467; x_wconf 88' lang='lat' dir='ltr'><strong>pereuntibus</strong></span> <span class='ocrx_word' id='word_1_156' title='bbox 594 1400 679 1450; x_wconf 86' lang='lat' dir='ltr'><strong>addita</strong></span> <span class='ocrx_word' id='word_1_157' title='bbox 691 1400 816 1459; x_wconf 86' lang='lat' dir='ltr'><strong>ludibria,</strong></span> <span class='ocrx_word' id='word_1_158' title='bbox 830 1413 858 1450; x_wconf 90' lang='lat' dir='ltr'><strong>ut</strong></span> <span class='ocrx_word' id='word_1_159' title='bbox 875 1399 984 1449; x_wconf 76' lang='lat' dir='ltr'><strong>ferarum</strong></span> <span class='ocrx_word' id='word_1_160' title='bbox 999 1401 1015 1456; x_wconf 82' lang='lat'><strong>¹,</strong></span> 
     </span>
     <span class='ocr_line' id='line_1_19' title="bbox 75 1471 1003 1540; baseline 0.001 -18"><span class='ocrx_word' id='word_1_161' title='bbox 75 1474 157 1538; x_wconf 74' lang='lat' dir='ltr'><strong>tergis</strong></span> <span class='ocrx_word' id='word_1_162' title='bbox 171 1471 292 1532; x_wconf 81' lang='lat' dir='ltr'><strong>contecti,</strong></span> <span class='ocrx_word' id='word_1_163' title='bbox 306 1473 401 1522; x_wconf 88' lang='lat' dir='ltr'><strong>laniatu</strong></span> <span class='ocrx_word' id='word_1_164' title='bbox 414 1489 505 1522; x_wconf 88' lang='lat' dir='ltr'><strong>canum</strong></span> <span class='ocrx_word' id='word_1_165' title='bbox 523 1475 670 1530; x_wconf 85' lang='lat' dir='ltr'><strong>interirent,</strong></span> <span class='ocrx_word' id='word_1_166' title='bbox 680 1486 723 1523; x_wconf 91' lang='lat' dir='ltr'><strong>aut</strong></span> <span class='ocrx_word' id='word_1_167' title='bbox 732 1474 846 1522; x_wconf 88' lang='lat' dir='ltr'><strong>crucibus</strong></span> <span class='ocrx_word' id='word_1_168' title='bbox 855 1474 1003 1540; x_wconf 70' lang='lat' dir='ltr'><strong>aiiiri,aut=¹</strong></span> 
     </span>
     <span class='ocr_line' id='line_1_20' title="bbox 74 1545 1013 1628; baseline -0.001 -32"><span class='ocrx_word' id='word_1_169' title='bbox 74 1546 238 1604; x_wconf 84' lang='lat' dir='ltr'><strong>flammandi,</strong></span> <span class='ocrx_word' id='word_1_170' title='bbox 256 1559 330 1610; x_wconf 87' lang='lat' dir='ltr'><strong>atque</strong></span> <span class='ocrx_word' id='word_1_171' title='bbox 344 1547 387 1595; x_wconf 90' lang='lat' dir='ltr'><strong>nbi</strong></span> <span class='ocrx_word' id='word_1_172' title='bbox 398 1546 531 1595; x_wconf 77' lang='lat' dir='ltr'><strong>deiecisset</strong></span> <span class='ocrx_word' id='word_1_173' title='bbox 541 1547 610 1609; x_wconf 88' lang='lat' dir='ltr'><strong>dies,</strong></span> <span class='ocrx_word' id='word_1_174' title='bbox 627 1547 652 1596; x_wconf 89' lang='lat' dir='ltr'><strong>in</strong></span> <span class='ocrx_word' id='word_1_175' title='bbox 669 1563 744 1595; x_wconf 88' lang='lat' dir='ltr'><strong>usum</strong></span> <span class='ocrx_word' id='word_1_176' title='bbox 755 1547 870 1596; x_wconf 87' lang='lat' dir='ltr'><strong>nocturni</strong></span> <span class='ocrx_word' id='word_1_177' title='bbox 881 1547 985 1595; x_wconf 83' lang='lat' dir='ltr'><strong>luminis</strong></span> <span class='ocrx_word' id='word_1_178' title='bbox 991 1545 1013 1628; x_wconf 70' lang='lat' dir='ltr'>J</span> 
     </span>
     <span class='ocr_line' id='line_1_21' title="bbox 74 1620 983 1687; baseline 0.001 -18"><span class='ocrx_word' id='word_1_179' title='bbox 74 1632 220 1669; x_wconf 87' lang='lat' dir='ltr'><strong>urerentur.</strong></span> <span class='ocrx_word' id='word_1_180' title='bbox 230 1622 326 1669; x_wconf 86' lang='lat' dir='ltr'><strong>Hortos</strong></span> <span class='ocrx_word' id='word_1_181' title='bbox 338 1636 397 1668; x_wconf 90' lang='lat' dir='ltr'><strong>suos</strong></span> <span class='ocrx_word' id='word_1_182' title='bbox 408 1623 431 1670; x_wconf 95' lang='lat' dir='ltr'><strong>ei</strong></span> <span class='ocrx_word' id='word_1_183' title='bbox 442 1621 585 1687; x_wconf 86' lang='lat' dir='ltr'><strong>spectaculo</strong></span> <span class='ocrx_word' id='word_1_184' title='bbox 595 1621 664 1671; x_wconf 82' lang='lat' dir='ltr'><strong>Nero</strong></span> <span class='ocrx_word' id='word_1_185' title='bbox 678 1622 805 1670; x_wconf 87' lang='lat' dir='ltr'><strong>obtulerat</strong></span> <span class='ocrx_word' id='word_1_186' title='bbox 814 1656 821 1677; x_wconf 96' lang='lat'><strong>,</strong></span> <span class='ocrx_word' id='word_1_187' title='bbox 830 1630 855 1667; x_wconf 91' lang='lat' dir='ltr'><strong>et</strong></span> <span class='ocrx_word' id='word_1_188' title='bbox 866 1620 983 1672; x_wconf 80' lang='lat' dir='ltr'><strong>Circense</strong></span> 
     </span>
     <span class='ocr_line' id='line_1_22' title="bbox 74 1691 1038 1802; baseline 0.001 -60"><span class='ocrx_word' id='word_1_189' title='bbox 74 1693 203 1743; x_wconf 86' lang='lat' dir='ltr'><strong>ludicrum</strong></span> <span class='ocrx_word' id='word_1_190' title='bbox 211 1691 316 1754; x_wconf 88' lang='lat' dir='ltr'><strong>edebat,</strong></span> <span class='ocrx_word' id='word_1_191' title='bbox 325 1692 412 1742; x_wconf 88' lang='lat' dir='ltr'><strong>habitu</strong></span> <span class='ocrx_word' id='word_1_192' title='bbox 423 1696 513 1759; x_wconf 75' lang='lat' dir='ltr'><strong>auriga</strong></span> <span class='ocrx_word' id='word_1_193' title='bbox 521 1694 660 1760; x_wconf 79' lang='lat' dir='ltr'><strong>permixtae</strong></span> <span class='ocrx_word' id='word_1_194' title='bbox 668 1693 750 1759; x_wconf 91' lang='lat' dir='ltr'><strong>plebi,</strong></span> <span class='ocrx_word' id='word_1_195' title='bbox 759 1693 798 1741; x_wconf 85' lang='lat' dir='ltr'><strong>vel</strong></span> <span class='ocrx_word' id='word_1_196' title='bbox 806 1691 933 1742; x_wconf 85' lang='lat' dir='ltr'><strong>curriculo</strong></span> <span class='ocrx_word' id='word_1_197' title='bbox 942 1696 966 1743; x_wconf 91' lang='lat' dir='ltr'><strong>in</strong></span> <span class='ocrx_word' id='word_1_198' title='bbox 974 1717 999 1802; x_wconf 51' lang='lat' dir='ltr'><strong>q</strong></span> <span class='ocrx_word' id='word_1_199' title='bbox 1031 1721 1038 1732; x_wconf 83' lang='lat'><em>·</em></span> 
     </span>
     <span class='ocr_line' id='line_1_23' title="bbox 75 1762 997 1844; baseline -0.001 -33"><span class='ocrx_word' id='word_1_200' title='bbox 75 1763 176 1813; x_wconf 83' lang='lat' dir='ltr'><strong>sistens.</strong></span> <span class='ocrx_word' id='word_1_201' title='bbox 192 1763 268 1812; x_wconf 86' lang='lat' dir='ltr'><strong>Unde</strong></span> <span class='ocrx_word' id='word_1_202' title='bbox 280 1780 423 1829; x_wconf 84' lang='lat' dir='ltr'><strong>quanquam</strong></span> <span class='ocrx_word' id='word_1_203' title='bbox 439 1765 560 1814; x_wconf 77' lang='lat' dir='ltr'><strong>adversus</strong></span> <span class='ocrx_word' id='word_1_204' title='bbox 571 1776 670 1824; x_wconf 87' lang='lat' dir='ltr'><strong>sontes,</strong></span> <span class='ocrx_word' id='word_1_205' title='bbox 685 1778 710 1813; x_wconf 89' lang='lat' dir='ltr'><strong>et</strong></span> <span class='ocrx_word' id='word_1_206' title='bbox 719 1766 855 1814; x_wconf 78' lang='lat' dir='ltr'><strong>nouissima</strong></span> <span class='ocrx_word' id='word_1_207' title='bbox 867 1762 997 1844; x_wconf 41' lang='lat' dir='ltr'><strong>exempla,</strong></span> 
     </span>
     <span class='ocr_line' id='line_1_24' title="bbox 75 1833 994 1902; baseline 0.001 -19"><span class='ocrx_word' id='word_1_208' title='bbox 75 1838 193 1890; x_wconf 86' lang='lat' dir='ltr'><strong>meritos.</strong></span> <span class='ocrx_word' id='word_1_209' title='bbox 209 1838 339 1885; x_wconf 78' lang='lat' dir='ltr'><strong>miseratio</strong></span> <span class='ocrx_word' id='word_1_210' title='bbox 354 1838 493 1895; x_wconf 83' lang='lat' dir='ltr'><strong>oriebatur,</strong></span> <span class='ocrx_word' id='word_1_211' title='bbox 505 1849 625 1901; x_wconf 86' lang='lat' dir='ltr'><strong>tanquam</strong></span> <span class='ocrx_word' id='word_1_212' title='bbox 636 1852 687 1885; x_wconf 87' lang='lat' dir='ltr'><strong>non</strong></span> <span class='ocrx_word' id='word_1_213' title='bbox 698 1836 915 1902; x_wconf 49' lang='lat' dir='ltr'><strong>utilitatepuldicl</strong></span> <span class='ocrx_word' id='word_1_214' title='bbox 923 1873 929 1895; x_wconf 95' lang='lat'><strong>,</strong></span> <span class='ocrx_word' id='word_1_215' title='bbox 938 1833 994 1898; x_wconf 67' lang='lat' dir='ltr'><strong>sedff</strong></span> 
     </span>
     <span class='ocr_line' id='line_1_25' title="bbox 76 1907 843 1971; baseline 0.005 -15"><span class='ocrx_word' id='word_1_216' title='bbox 76 1907 106 1956; x_wconf 85' lang='lat' dir='ltr'><strong>in</strong></span> <span class='ocrx_word' id='word_1_217' title='bbox 117 1910 235 1958; x_wconf 74' lang='lat' dir='ltr'><strong>saevitiam</strong></span> <span class='ocrx_word' id='word_1_218' title='bbox 246 1913 321 1960; x_wconf 90' lang='lat' dir='ltr'><strong>unius</strong></span> <span class='ocrx_word' id='word_1_219' title='bbox 330 1911 532 1971; x_wconf 74' lang='lat' dir='ltr'><strong>absumerentur.</strong></span> <span class='ocrx_word' id='word_1_220' title='bbox 793 1937 809 1950; x_wconf 65' lang='grc'><strong>»-</strong></span> <span class='ocrx_word' id='word_1_221' title='bbox 839 1943 843 1948; x_wconf 88' lang='lat'>·</span> 
     </span>
    </p>

    <p class='ocr_par' dir='ltr' id='par_1_3' title="bbox 110 1975 990 2050">
     <span class='ocr_line' id='line_1_26' title="bbox 110 1975 990 2050; baseline -0.003 -20"><span class='ocrx_word' id='word_1_222' title='bbox 110 1982 192 2032; x_wconf 85' lang='lat' dir='ltr'>XLV.</span> <span class='ocrx_word' id='word_1_223' title='bbox 201 1984 297 2033; x_wconf 86' lang='lat' dir='ltr'><strong>Interea</strong></span> <span class='ocrx_word' id='word_1_224' title='bbox 306 1984 464 2034; x_wconf 76' lang='lat' dir='ltr'><strong>conferendis</strong></span> <span class='ocrx_word' id='word_1_225' title='bbox 473 1981 587 2050; x_wconf 88' lang='lat' dir='ltr'><strong>pecuniis</strong></span> <span class='ocrx_word' id='word_1_226' title='bbox 595 1992 738 2049; x_wconf 80' lang='lat' dir='ltr'><strong>pervastata</strong></span> <span class='ocrx_word' id='word_1_227' title='bbox 746 1975 836 2041; x_wconf 79' lang='lat' dir='ltr'><strong>ltalia,</strong></span> <span class='ocrx_word' id='word_1_228' title='bbox 848 1982 990 2046; x_wconf 73' lang='lat' dir='ltr'><strong>provinciae.</strong></span> 
     </span>
    </p>
   </div>
   <div class='ocr_carea' id='block_1_3' title="bbox 74 2047 1080 2270">
    <p class='ocr_par' dir='ltr' id='par_1_4' title="bbox 74 2047 1080 2270">
     <span class='ocr_line' id='line_1_27' title="bbox 75 2047 982 2124; baseline -0.001 -22"><span class='ocrx_word' id='word_1_229' title='bbox 75 2067 171 2104; x_wconf 74' lang='lat' dir='ltr'><strong>eversae</strong></span> <span class='ocrx_word' id='word_1_230' title='bbox 179 2091 186 2114; x_wconf 91' lang='lat'><strong>,</strong></span> <span class='ocrx_word' id='word_1_231' title='bbox 195 2058 302 2122; x_wconf 87' lang='lat' dir='ltr'><strong>sociique</strong></span> <span class='ocrx_word' id='word_1_232' title='bbox 312 2047 415 2124; x_wconf 74' lang='lat' dir='ltr'><strong>populi,</strong></span> <span class='ocrx_word' id='word_1_233' title='bbox 428 2069 454 2107; x_wconf 91' lang='lat' dir='ltr'><strong>et</strong></span> <span class='ocrx_word' id='word_1_234' title='bbox 463 2074 517 2123; x_wconf 80' lang='lat' dir='ltr'><strong>qnae</strong></span> <span class='ocrx_word' id='word_1_235' title='bbox 526 2059 657 2107; x_wconf 81' lang='lat' dir='ltr'><strong>civitatum</strong></span> <span class='ocrx_word' id='word_1_236' title='bbox 666 2056 752 2105; x_wconf 78' lang='lat' dir='ltr'><strong>liberae</strong></span> <span class='ocrx_word' id='word_1_237' title='bbox 761 2065 893 2117; x_wconf 81' lang='lat' dir='ltr'><strong>vocantur.</strong></span> <span class='ocrx_word' id='word_1_238' title='bbox 902 2051 982 2117; x_wconf 90' lang='lat' dir='ltr'><strong>Inque</strong></span> 
     </span>
     <span class='ocr_line' id='line_1_28' title="bbox 74 2126 1080 2196; baseline -0.003 -20"><span class='ocrx_word' id='word_1_239' title='bbox 74 2142 132 2177; x_wconf 87' lang='lat' dir='ltr'><strong>earn</strong></span> <span class='ocrx_word' id='word_1_240' title='bbox 147 2129 255 2196; x_wconf 73' lang='lat' dir='ltr'><strong>praedam</strong></span> <span class='ocrx_word' id='word_1_241' title='bbox 269 2135 345 2180; x_wconf 89' lang='lat' dir='ltr'><strong>etiam</strong></span> <span class='ocrx_word' id='word_1_242' title='bbox 361 2131 397 2179; x_wconf 92' lang='lat' dir='ltr'><strong>dii</strong></span> <span class='ocrx_word' id='word_1_243' title='bbox 412 2132 523 2188; x_wconf 74' lang='lat' dir='ltr'><strong>cessere,</strong></span> <span class='ocrx_word' id='word_1_244' title='bbox 535 2129 650 2194; x_wconf 86' lang='lat' dir='ltr'><strong>spoliatis</strong></span> <span class='ocrx_word' id='word_1_245' title='bbox 663 2129 689 2177; x_wconf 91' lang='lat' dir='ltr'><strong>in</strong></span> <span class='ocrx_word' id='word_1_246' title='bbox 703 2126 766 2176; x_wconf 89' lang='lat' dir='ltr'><strong>urbe</strong></span> <span class='ocrx_word' id='word_1_247' title='bbox 782 2127 896 2192; x_wconf 87' lang='lat' dir='ltr'><strong>templis,</strong></span> <span class='ocrx_word' id='word_1_248' title='bbox 911 2141 983 2190; x_wconf 72' lang='lat' dir='ltr'><strong>eges·</strong></span> <span class='ocrx_word' id='word_1_249' title='bbox 1073 2155 1080 2168; x_wconf 89' lang='lat'><strong>·</strong></span> 
     </span>
     <span class='ocr_line' id='line_1_29' title="bbox 75 2200 983 2270; baseline 0 -23"><span class='ocrx_word' id='word_1_250' title='bbox 75 2209 155 2265; x_wconf 87' lang='lat' dir='ltr'><strong>toque</strong></span> <span class='ocrx_word' id='word_1_251' title='bbox 167 2219 241 2264; x_wconf 87' lang='lat' dir='ltr'><strong>auro,</strong></span> <span class='ocrx_word' id='word_1_252' title='bbox 255 2204 323 2268; x_wconf 89' lang='lat' dir='ltr'><strong>quod</strong></span> <span class='ocrx_word' id='word_1_253' title='bbox 338 2204 490 2270; x_wconf 82' lang='lat' dir='ltr'><strong>triumphis,</strong></span> <span class='ocrx_word' id='word_1_254' title='bbox 500 2202 569 2268; x_wconf 86' lang='lat' dir='ltr'><strong>quod</strong></span> <span class='ocrx_word' id='word_1_255' title='bbox 583 2204 663 2262; x_wconf 83' lang='lat' dir='ltr'><strong>rotis,</strong></span> <span class='ocrx_word' id='word_1_256' title='bbox 676 2200 761 2250; x_wconf 89' lang='lat' dir='ltr'><strong>omnis</strong></span> <span class='ocrx_word' id='word_1_257' title='bbox 773 2200 862 2265; x_wconf 87' lang='lat' dir='ltr'><strong>populi</strong></span> <span class='ocrx_word' id='word_1_258' title='bbox 872 2201 983 2248; x_wconf 86' lang='lat' dir='ltr'><strong>Romani</strong></span> 
     </span>
    </p>
   </div>
   <div class='ocr_carea' id='block_1_4' title="bbox 72 2273 1070 3363">
    <p class='ocr_par' dir='ltr' id='par_1_5' title="bbox 72 2273 1070 3363">
     <span class='ocr_line' id='line_1_30' title="bbox 75 2273 984 2341; baseline 0 -20"><span class='ocrx_word' id='word_1_259' title='bbox 75 2283 137 2323; x_wconf 79' lang='lat' dir='ltr'><strong>aetas</strong></span> <span class='ocrx_word' id='word_1_260' title='bbox 144 2276 273 2341; x_wconf 70' lang='lat' dir='ltr'><strong>prosperi,</strong></span> <span class='ocrx_word' id='word_1_261' title='bbox 285 2290 329 2326; x_wconf 87' lang='lat' dir='ltr'><strong>ant</strong></span> <span class='ocrx_word' id='word_1_262' title='bbox 340 2280 365 2326; x_wconf 91' lang='lat' dir='ltr'><strong>in</strong></span> <span class='ocrx_word' id='word_1_263' title='bbox 372 2290 452 2338; x_wconf 88' lang='lat' dir='ltr'><strong>metu,</strong></span> <span class='ocrx_word' id='word_1_264' title='bbox 463 2288 611 2327; x_wconf 79' lang='lat' dir='ltr'><strong>sacraverat.</strong></span> <span class='ocrx_word' id='word_1_265' title='bbox 619 2273 754 2327; x_wconf 81' lang='lat' dir='ltr'><strong>Enimverd</strong></span> <span class='ocrx_word' id='word_1_266' title='bbox 763 2274 898 2340; x_wconf 75' lang='lat' dir='ltr'><strong>perdsiam</strong></span> <span class='ocrx_word' id='word_1_267' title='bbox 908 2284 984 2338; x_wconf 86' lang='lat' dir='ltr'><strong>atqua</strong></span> 
     </span>
     <span class='ocr_line' id='line_1_31' title="bbox 75 2341 981 2412; baseline -0.001 -17"><span class='ocrx_word' id='word_1_268' title='bbox 75 2341 198 2396; x_wconf 78' lang='lat' dir='ltr'><strong>Achaiam</strong></span> <span class='ocrx_word' id='word_1_269' title='bbox 207 2348 328 2398; x_wconf 90' lang='lat' dir='ltr'><strong>nondcna</strong></span> <span class='ocrx_word' id='word_1_270' title='bbox 334 2350 446 2405; x_wconf 79' lang='lat' dir='ltr'><strong>tanturn,</strong></span> <span class='ocrx_word' id='word_1_271' title='bbox 455 2348 638 2399; x_wconf 82' lang='lat' dir='ltr'><strong>sedsimulacra</strong></span> <span class='ocrx_word' id='word_1_272' title='bbox 644 2350 778 2398; x_wconf 87' lang='lat' dir='ltr'><strong>numinum</strong></span> <span class='ocrx_word' id='word_1_273' title='bbox 784 2347 981 2412; x_wconf 85' lang='lat' dir='ltr'><strong>abripiebantur,</strong></span> 
     </span>
     <span class='ocr_line' id='line_1_32' title="bbox 75 2416 983 2488; baseline 0 -21"><span class='ocrx_word' id='word_1_274' title='bbox 75 2416 158 2466; x_wconf 82' lang='lat' dir='ltr'><strong>missis</strong></span> <span class='ocrx_word' id='word_1_275' title='bbox 169 2420 196 2468; x_wconf 85' lang='lat' dir='ltr'><strong>in</strong></span> <span class='ocrx_word' id='word_1_276' title='bbox 210 2438 252 2470; x_wconf 85' lang='lat' dir='ltr'><strong>eas</strong></span> <span class='ocrx_word' id='word_1_277' title='bbox 263 2422 407 2488; x_wconf 81' lang='lat' dir='ltr'><strong>provincias</strong></span> <span class='ocrx_word' id='word_1_278' title='bbox 418 2422 528 2479; x_wconf 77' lang='lat' dir='ltr'><strong>Acrato,</strong></span> <span class='ocrx_word' id='word_1_279' title='bbox 539 2440 568 2472; x_wconf 91' lang='lat' dir='ltr'><strong>ac</strong></span> <span class='ocrx_word' id='word_1_280' title='bbox 581 2422 696 2473; x_wconf 84' lang='lat' dir='ltr'><strong>Secundo</strong></span> <span class='ocrx_word' id='word_1_281' title='bbox 708 2421 833 2470; x_wconf 72' lang='lat' dir='ltr'><strong>(larinate.</strong></span> <span class='ocrx_word' id='word_1_282' title='bbox 846 2417 893 2467; x_wconf 89' lang='lat' dir='ltr'><strong>Ille</strong></span> <span class='ocrx_word' id='word_1_283' title='bbox 903 2419 983 2467; x_wconf 88' lang='lat' dir='ltr'><strong>liber·</strong></span> 
     </span>
     <span class='ocr_line' id='line_1_33' title="bbox 77 2491 1050 2562; baseline -0.009 -17"><span class='ocrx_word' id='word_1_284' title='bbox 77 2496 133 2544; x_wconf 73' lang='lat'><strong>2⁰⁸‚</strong></span> <span class='ocrx_word' id='word_1_285' title='bbox 148 2494 299 2558; x_wconf 84' lang='lat' dir='ltr'><strong>cuicumque</strong></span> <span class='ocrx_word' id='word_1_286' title='bbox 307 2496 403 2560; x_wconf 70' lang='lat' dir='ltr'><strong>flagitio</strong></span> <span class='ocrx_word' id='word_1_287' title='bbox 414 2507 565 2562; x_wconf 83' lang='lat' dir='ltr'><strong>promptns;</strong></span> <span class='ocrx_word' id='word_1_288' title='bbox 578 2496 620 2547; x_wconf 86' lang='lat' dir='ltr'><strong>bic</strong></span> <span class='ocrx_word' id='word_1_289' title='bbox 631 2494 717 2545; x_wconf 79' lang='lat' dir='ltr'><strong>Graeci</strong></span> <span class='ocrx_word' id='word_1_290' title='bbox 728 2491 842 2542; x_wconf 77' lang='lat' dir='ltr'><strong>doctrici</strong></span> <span class='ocrx_word' id='word_1_291' title='bbox 853 2506 895 2538; x_wconf 90' lang='lat' dir='ltr'><strong>ore</strong></span> <span class='ocrx_word' id='word_1_292' title='bbox 908 2503 981 2538; x_wconf 89' lang='lat' dir='ltr'><strong>tenus</strong></span> <span class='ocrx_word' id='word_1_293' title='bbox 1045 2547 1050 2550; x_wconf 27' lang='grc' dir='ltr'>ι</span> 
     </span>
     <span class='ocr_line' id='line_1_34' title="bbox 75 2562 982 2628; baseline -0.004 -16"><span class='ocrx_word' id='word_1_294' title='bbox 75 2567 216 2628; x_wconf 76' lang='lat' dir='ltr'><strong>exercitus,</strong></span> <span class='ocrx_word' id='word_1_295' title='bbox 227 2573 340 2617; x_wconf 85' lang='lat' dir='ltr'><strong>animum</strong></span> <span class='ocrx_word' id='word_1_296' title='bbox 355 2568 431 2617; x_wconf 88' lang='lat' dir='ltr'><strong>bonis</strong></span> <span class='ocrx_word' id='word_1_297' title='bbox 445 2570 542 2619; x_wconf 89' lang='lat' dir='ltr'><strong>artibus</strong></span> <span class='ocrx_word' id='word_1_298' title='bbox 557 2587 607 2619; x_wconf 93' lang='lat' dir='ltr'><strong>non</strong></span> <span class='ocrx_word' id='word_1_299' title='bbox 623 2569 748 2618; x_wconf 84' lang='lat' dir='ltr'><strong>induerat.</strong></span> <span class='ocrx_word' id='word_1_300' title='bbox 764 2563 902 2614; x_wconf 77' lang='lat' dir='ltr'><strong>Ferebatur</strong></span> <span class='ocrx_word' id='word_1_301' title='bbox 914 2562 982 2609; x_wconf 71' lang='lat' dir='ltr'><strong>abe-</strong></span> 
     </span>
     <span class='ocr_line' id='line_1_35' title="bbox 72 2632 989 2705; baseline -0.024 -3"><span class='ocrx_word' id='word_1_302' title='bbox 72 2645 148 2692; x_wconf 60' lang='grc' dir='ltr'><strong>Μ’</strong></span> <span class='ocrx_word' id='word_1_303' title='bbox 158 2653 209 2699; x_wconf 75' lang='lat' dir='ltr'><strong>l¹¹0</strong></span> <span class='ocrx_word' id='word_1_304' title='bbox 221 2639 344 2687; x_wconf 80' lang='lat' dir='ltr'><strong>iuvidiam</strong></span> <span class='ocrx_word' id='word_1_305' title='bbox 353 2641 478 2705; x_wconf 73' lang='lat' dir='ltr'><strong>sacrilegii</strong></span> <span class='ocrx_word' id='word_1_306' title='bbox 487 2641 590 2691; x_wconf 76' lang='lat' dir='ltr'><strong>dsemet</strong></span> <span class='ocrx_word' id='word_1_307' title='bbox 599 2648 724 2689; x_wconf 80' lang='lat' dir='ltr'><strong>averteret</strong></span> <span class='ocrx_word' id='word_1_308' title='bbox 734 2653 748 2683; x_wconf 85' lang='lat' dir='ltr'><strong>n</strong></span> <span class='ocrx_word' id='word_1_309' title='bbox 758 2668 765 2694; x_wconf 88' lang='lat'><strong>,</strong></span> <span class='ocrx_word' id='word_1_310' title='bbox 776 2632 907 2695; x_wconf 72' lang='lat' dir='ltr'><strong>longinqui</strong></span> <span class='ocrx_word' id='word_1_311' title='bbox 915 2632 989 2690; x_wconf 80' lang='lat' dir='ltr'><strong>ruris,</strong></span> 
     </span>
     <span class='ocr_line' id='line_1_36' title="bbox 74 2703 985 2780; baseline -0.002 -26"><span class='ocrx_word' id='word_1_312' title='bbox 74 2717 204 2757; x_wconf 78' lang='lat' dir='ltr'><strong>secessum</strong></span> <span class='ocrx_word' id='word_1_313' title='bbox 218 2713 361 2770; x_wconf 75' lang='lat' dir='ltr'><strong>«oravisse,</strong></span> <span class='ocrx_word' id='word_1_314' title='bbox 374 2726 401 2762; x_wconf 91' lang='lat' dir='ltr'><strong>et</strong></span> <span class='ocrx_word' id='word_1_315' title='bbox 411 2725 545 2780; x_wconf 86' lang='lat' dir='ltr'><strong>postquam</strong></span> <span class='ocrx_word' id='word_1_316' title='bbox 555 2730 607 2762; x_wconf 89' lang='lat' dir='ltr'><strong>non</strong></span> <span class='ocrx_word' id='word_1_317' title='bbox 615 2707 813 2764; x_wconf 83' lang='lat' dir='ltr'><strong>concedebatur,</strong></span> <span class='ocrx_word' id='word_1_318' title='bbox 822 2704 878 2753; x_wconf 78' lang='lat' dir='ltr'><strong>ficu</strong></span> <span class='ocrx_word' id='word_1_319' title='bbox 888 2703 985 2752; x_wconf 81' lang='lat' dir='ltr'><strong>valetu-</strong></span> 
     </span>
     <span class='ocr_line' id='line_1_37' title="bbox 77 2773 980 2848; baseline -0.012 -12"><span class='ocrx_word' id='word_1_320' title='bbox 77 2773 155 2835; x_wconf 61' lang='lat' dir='ltr'><strong>dine,</strong></span> <span class='ocrx_word' id='word_1_321' title='bbox 170 2783 240 2846; x_wconf 84' lang='lat' dir='ltr'><strong>quasi</strong></span> <span class='ocrx_word' id='word_1_322' title='bbox 256 2800 319 2848; x_wconf 71' lang='lat' dir='ltr'><strong>aeger</strong></span> <span class='ocrx_word' id='word_1_323' title='bbox 333 2788 432 2846; x_wconf 86' lang='lat' dir='ltr'><strong>nervis,</strong></span> <span class='ocrx_word' id='word_1_324' title='bbox 447 2787 594 2836; x_wconf 85' lang='lat' dir='ltr'><strong>cubiculum</strong></span> <span class='ocrx_word' id='word_1_325' title='bbox 611 2801 663 2833; x_wconf 88' lang='lat' dir='ltr'><strong>non</strong></span> <span class='ocrx_word' id='word_1_326' title='bbox 679 2795 793 2847; x_wconf 77' lang='lat' dir='ltr'><strong>egressus</strong></span> <span class='ocrx_word' id='word_1_327' title='bbox 802 2796 829 2828; x_wconf 82' lang='lat' dir='ltr'><strong>n.</strong></span> <span class='ocrx_word' id='word_1_328' title='bbox 845 2775 980 2826; x_wconf 73' lang='lat' dir='ltr'><strong>Tradiddre</strong></span> 
     </span>
     <span class='ocr_line' id='line_1_38' title="bbox 75 2854 981 2929; baseline -0.003 -22"><span class='ocrx_word' id='word_1_329' title='bbox 75 2856 181 2925; x_wconf 87' lang='lat' dir='ltr'><strong>quidam</strong></span> <span class='ocrx_word' id='word_1_330' title='bbox 188 2897 197 2918; x_wconf 94' lang='lat'><strong>,</strong></span> <span class='ocrx_word' id='word_1_331' title='bbox 205 2876 221 2906; x_wconf 77' lang='lat' dir='ltr'><strong>rt</strong></span> <span class='ocrx_word' id='word_1_332' title='bbox 229 2876 353 2910; x_wconf 81' lang='lat' dir='ltr'><strong>venenum</strong></span> <span class='ocrx_word' id='word_1_333' title='bbox 363 2866 387 2911; x_wconf 81' lang='lat' dir='ltr'><strong>ei</strong></span> <span class='ocrx_word' id='word_1_334' title='bbox 394 2879 439 2929; x_wconf 83' lang='lat' dir='ltr'><strong>per</strong></span> <span class='ocrx_word' id='word_1_335' title='bbox 446 2864 565 2912; x_wconf 84' lang='lat' dir='ltr'><strong>libertum</strong></span> <span class='ocrx_word' id='word_1_336' title='bbox 572 2859 664 2928; x_wconf 86' lang='lat' dir='ltr'><strong>ipsius,</strong></span> <span class='ocrx_word' id='word_1_337' title='bbox 674 2858 716 2907; x_wconf 87' lang='lat' dir='ltr'><strong>cui</strong></span> <span class='ocrx_word' id='word_1_338' title='bbox 723 2872 817 2906; x_wconf 87' lang='lat' dir='ltr'><strong>nomen</strong></span> <span class='ocrx_word' id='word_1_339' title='bbox 830 2854 981 2915; x_wconf 83' lang='lat' dir='ltr'><strong>Cleonicus,</strong></span> 
     </span>
     <span class='ocr_line' id='line_1_39' title="bbox 73 2926 1070 2998; baseline -0.016 -8"><span class='ocrx_word' id='word_1_340' title='bbox 73 2929 283 2997; x_wconf 64' lang='lat' dir='ltr'><strong>P⁸l⁸i¹¹¹¹¹siussn</strong></span> <span class='ocrx_word' id='word_1_341' title='bbox 293 2932 417 2995; x_wconf 80' lang='lat' dir='ltr'><strong>Neronis,</strong></span> <span class='ocrx_word' id='word_1_342' title='bbox 429 2936 586 2997; x_wconf 81' lang='lat' dir='ltr'><strong>vitatumque</strong></span> <span class='ocrx_word' id='word_1_343' title='bbox 594 2929 719 2989; x_wconf 73' lang='lat' dir='ltr'><strong>idenecd,</strong></span> <span class='ocrx_word' id='word_1_344' title='bbox 727 2928 872 2995; x_wconf 86' lang='lat' dir='ltr'><strong>proditione</strong></span> <span class='ocrx_word' id='word_1_345' title='bbox 883 2926 981 2987; x_wconf 82' lang='lat' dir='ltr'><strong>liberti,</strong></span> <span class='ocrx_word' id='word_1_346' title='bbox 1014 2986 1020 2998; x_wconf 51' lang='lat'><strong>,</strong></span> <span class='ocrx_word' id='word_1_347' title='bbox 1061 2932 1070 2938; x_wconf 82' lang='grc'><em>“</em></span> 
     </span>
     <span class='ocr_line' id='line_1_40' title="bbox 74 3000 981 3071; baseline -0.001 -22"><span class='ocrx_word' id='word_1_348' title='bbox 74 3016 119 3049; x_wconf 90' lang='lat' dir='ltr'><strong>sen</strong></span> <span class='ocrx_word' id='word_1_349' title='bbox 135 3002 238 3067; x_wconf 73' lang='lat' dir='ltr'><strong>proprii</strong></span> <span class='ocrx_word' id='word_1_350' title='bbox 251 3001 401 3063; x_wconf 74' lang='lat' dir='ltr'><strong>formidine,</strong></span> <span class='ocrx_word' id='word_1_351' title='bbox 413 3006 474 3053; x_wconf 90' lang='lat' dir='ltr'><strong>dum</strong></span> <span class='ocrx_word' id='word_1_352' title='bbox 487 3005 642 3071; x_wconf 88' lang='lat' dir='ltr'><strong>persimplici</strong></span> <span class='ocrx_word' id='word_1_353' title='bbox 653 3005 722 3053; x_wconf 85' lang='lat' dir='ltr'><strong>victu</strong></span> <span class='ocrx_word' id='word_1_354' title='bbox 729 3037 738 3064; x_wconf 91' lang='lat'><strong>,</strong></span> <span class='ocrx_word' id='word_1_355' title='bbox 747 3013 773 3051; x_wconf 88' lang='lat' dir='ltr'><strong>et</strong></span> <span class='ocrx_word' id='word_1_356' title='bbox 784 3000 981 3068; x_wconf 23' lang='lat' dir='ltr'><strong>agrestibus-po·</strong></span> 
     </span>
     <span class='ocr_line' id='line_1_41' title="bbox 74 3074 925 3144; baseline -0.001 -23"><span class='ocrx_word' id='word_1_357' title='bbox 74 3074 140 3132; x_wconf 86' lang='lat' dir='ltr'><strong>mia,</strong></span> <span class='ocrx_word' id='word_1_358' title='bbox 151 3089 181 3121; x_wconf 87' lang='lat' dir='ltr'><strong>ac</strong></span> <span class='ocrx_word' id='word_1_359' title='bbox 195 3077 216 3123; x_wconf 89' lang='lat' dir='ltr'><strong>si</strong></span> <span class='ocrx_word' id='word_1_360' title='bbox 226 3077 281 3124; x_wconf 85' lang='lat' dir='ltr'><strong>sitis</strong></span> <span class='ocrx_word' id='word_1_361' title='bbox 294 3078 454 3139; x_wconf 87' lang='lat' dir='ltr'><strong>admoneret,</strong></span> <span class='ocrx_word' id='word_1_362' title='bbox 464 3081 605 3144; x_wconf 81' lang='lat' dir='ltr'><strong>profluente</strong></span> <span class='ocrx_word' id='word_1_363' title='bbox 616 3076 680 3142; x_wconf 81' lang='lat' dir='ltr'><strong>aquai</strong></span> <span class='ocrx_word' id='word_1_364' title='bbox 694 3077 904 3136; x_wconf 73' lang='lat' dir='ltr'><strong>vitam&#39;toleratp.</strong></span> <span class='ocrx_word' id='word_1_365' title='bbox 922 3109 925 3114; x_wconf 34' lang='lat'><strong>⁴</strong></span> 
     </span>
     <span class='ocr_line' id='line_1_42' title="bbox 110 3144 982 3217; baseline -0.002 -23"><span class='ocrx_word' id='word_1_366' title='bbox 110 3144 204 3195; x_wconf 84' lang='lat' dir='ltr'><strong>XLVI.</strong></span> <span class='ocrx_word' id='word_1_367' title='bbox 213 3148 262 3195; x_wconf 88' lang='lat' dir='ltr'><strong>Per</strong></span> <span class='ocrx_word' id='word_1_368' title='bbox 272 3149 342 3199; x_wconf 85' lang='lat' dir='ltr'><strong>idem</strong></span> <span class='ocrx_word' id='word_1_369' title='bbox 352 3163 453 3217; x_wconf 88' lang='lat' dir='ltr'><strong>tempus</strong></span> <span class='ocrx_word' id='word_1_370' title='bbox 460 3150 626 3215; x_wconf 73' lang='lat' dir='ltr'><strong>gladiatores,</strong></span> <span class='ocrx_word' id='word_1_371' title='bbox 636 3148 704 3216; x_wconf 89' lang='lat' dir='ltr'><strong>apud</strong></span> <span class='ocrx_word' id='word_1_372' title='bbox 712 3148 833 3214; x_wconf 87' lang='lat' dir='ltr'><strong>oppidum</strong></span> <span class='ocrx_word' id='word_1_373' title='bbox 844 3147 982 3210; x_wconf 64' lang='lat' dir='ltr'><strong>Rraeneste,</strong></span> 
     </span>
     <span class='ocr_line' id='line_1_43' title="bbox 76 3218 982 3290; baseline -0.003 -21"><span class='ocrx_word' id='word_1_374' title='bbox 76 3218 174 3269; x_wconf 69' lang='lat' dir='ltr'><strong>tentati</strong></span> <span class='ocrx_word' id='word_1_375' title='bbox 190 3225 337 3286; x_wconf 86' lang='lat' dir='ltr'><strong>eruptione,</strong></span> <span class='ocrx_word' id='word_1_376' title='bbox 353 3223 469 3290; x_wconf 78' lang='lat' dir='ltr'><strong>presidio</strong></span> <span class='ocrx_word' id='word_1_377' title='bbox 480 3225 585 3281; x_wconf 90' lang='lat' dir='ltr'><strong>militis,</strong></span> <span class='ocrx_word' id='word_1_378' title='bbox 600 3226 643 3287; x_wconf 81' lang='lat' dir='ltr'><strong>qui</strong></span> <span class='ocrx_word' id='word_1_379' title='bbox 657 3234 743 3271; x_wconf 88' lang='lat' dir='ltr'><strong>custos</strong></span> <span class='ocrx_word' id='word_1_380' title='bbox 755 3221 864 3280; x_wconf 88' lang='lat' dir='ltr'><strong>adesset,</strong></span> <span class='ocrx_word' id='word_1_381' title='bbox 877 3218 982 3268; x_wconf 86' lang='lat' dir='ltr'><strong>coerciti</strong></span> 
     </span>
     <span class='ocr_line' id='line_1_44' title="bbox 76 3291 1024 3363; baseline -0.006 -22"><span class='ocrx_word' id='word_1_382' title='bbox 76 3304 136 3342; x_wconf 89' lang='lat' dir='ltr'><strong>sunt</strong></span> <span class='ocrx_word' id='word_1_383' title='bbox 148 3309 155 3341; x_wconf 78' lang='lat' dir='ltr'><strong><em>z</em></strong></span> <span class='ocrx_word' id='word_1_384' title='bbox 168 3291 219 3356; x_wconf 82' lang='lat' dir='ltr'><strong>jam</strong></span> <span class='ocrx_word' id='word_1_385' title='bbox 234 3295 422 3363; x_wconf 64' lang='lat' dir='ltr'><strong>aspirancum,</strong></span> <span class='ocrx_word' id='word_1_386' title='bbox 434 3308 461 3345; x_wconf 92' lang='lat' dir='ltr'><strong>et</strong></span> <span class='ocrx_word' id='word_1_387' title='bbox 471 3308 556 3346; x_wconf 80' lang='lat' dir='ltr'><strong>vetera</strong></span> <span class='ocrx_word' id='word_1_388' title='bbox 570 3297 635 3345; x_wconf 88' lang='lat' dir='ltr'><strong>mala</strong></span> <span class='ocrx_word' id='word_1_389' title='bbox 643 3313 658 3344; x_wconf 88' lang='lat' dir='ltr'><strong>n</strong></span> <span class='ocrx_word' id='word_1_390' title='bbox 666 3296 814 3344; x_wconf 83' lang='lat' dir='ltr'><strong>rumoribus</strong></span> <span class='ocrx_word' id='word_1_391' title='bbox 825 3294 920 3342; x_wconf 82' lang='lat' dir='ltr'><strong>ferente</strong></span> <span class='ocrx_word' id='word_1_392' title='bbox 929 3307 978 3353; x_wconf 89' lang='lat' dir='ltr'><strong>po·</strong></span> <span class='ocrx_word' id='word_1_393' title='bbox 1020 3349 1024 3356; x_wconf 26' lang='lat'>⁸</span> 
     </span>
    </p>
   </div>
   <div class='ocr_carea' id='block_1_5' title="bbox 72 3361 977 3489">
    <p class='ocr_par' dir='ltr' id='par_1_6' title="bbox 72 3361 977 3489">
     <span class='ocr_line' id='line_1_45' title="bbox 72 3361 977 3489; baseline -0.009 -72"><span class='ocrx_word' id='word_1_394' title='bbox 72 3366 149 3433; x_wconf 82' lang='lat' dir='ltr'><strong>pulo,</strong></span> <span class='ocrx_word' id='word_1_395' title='bbox 169 3376 199 3417; x_wconf 88' lang='lat' dir='ltr'><strong>ut</strong></span> <span class='ocrx_word' id='word_1_396' title='bbox 213 3380 252 3420; x_wconf 85' lang='lat' dir='ltr'><strong>est</strong></span> <span class='ocrx_word' id='word_1_397' title='bbox 262 3386 387 3423; x_wconf 79' lang='lat' dir='ltr'><strong>novarum</strong></span> <span class='ocrx_word' id='word_1_398' title='bbox 402 3386 488 3422; x_wconf 79' lang='lat' dir='ltr'><strong>rerum</strong></span> <span class='ocrx_word' id='word_1_399' title='bbox 503 3371 625 3438; x_wconf 84' lang='lat' dir='ltr'><strong>cupiens,</strong></span> <span class='ocrx_word' id='word_1_400' title='bbox 638 3366 803 3489; x_wconf 59' lang='grc' dir='ltr'>ριιίἀιιιςιιὶ.</span> <span class='ocrx_word' id='word_1_401' title='bbox 815 3365 878 3486; x_wconf 77' lang='lat' dir='ltr'><strong>³Nec</strong></span> <span class='ocrx_word' id='word_1_402' title='bbox 895 3361 977 3424; x_wconf 72' lang='lat' dir='ltr'><strong>multu</strong></span> 
     </span>
    </p>
   </div>
   <div class='ocr_carea' id='block_1_6' title="bbox 0 0 1122 3817">
    <p class='ocr_par' dir='ltr' id='par_1_7' title="bbox 0 0 1122 3817">
     <span class='ocr_line' id='line_1_46' title="bbox 0 0 1122 3817; baseline 0 0"><span class='ocrx_word' id='word_1_403' title='bbox 0 0 1122 3817; x_wconf 95' lang='lat' dir='ltr'><strong> </strong></span> 
     </span>
    </p>
   </div>
  </div>
 </body>
</html>
