2234 3817
361 129 607 171 nrsrottrsnnu
630 83 695 171 tri.
720 134 742 170 1.
827 139 831 144 ·
955 115 1002 174 bat

94 205 219 272 Galbm,
229 209 275 260 ted
285 209 393 260 detinet.
406 215 491 277 Quum
500 230 545 262 ror
555 212 712 278 adspexerit,
722 227 803 276 quum
812 210 912 278 siguum
919 229 1007 264 meum

98 287 225 347 acceperit
236 320 242 338 ,
252 284 302 332 ltoc
313 285 396 332 solum
406 285 453 333 erit
461 294 597 345 certamen,
606 286 662 349 quis
670 285 732 333 mibi
742 285 882 350 plurimittn
889 289 1005 352 imputet.

95 354 191 404 Nullus
209 358 365 408 cunctationi
375 358 444 406 locus
455 369 493 406 est
503 360 568 405 ineo
583 358 702 414 consitio,
714 357 782 421 quod
796 374 846 407 nou
856 371 940 424 potest
948 359 1006 407 lau·

94 427 1006 498 doriminiperactum».Aperitedeindeasmamentariumjustit.Rapta

93 503 183 550 statim
196 520 265 551 arma
279 505 333 552 sine
346 520 416 554 more
426 517 452 552 et
462 503 551 552 ordine
561 503 671 568 militiae,
681 515 711 551 ut
718 504 900 567 praetorianus,
911 513 956 550 aut
966 504 1005 568 le·

30 591 35 596 ’
93 576 226 639 gionarius
239 578 378 643 insignibus
389 578 439 625 suit
450 576 647 641 distingueretur
660 596 666 624 z
679 577 817 626 miscentur
826 576 1004 636 auxiliaribus,

94 649 183 712 galeis¹
193 652 328 713 scutisque.
344 650 422 697 Nullo
440 650 599 699 tribunorum
614 652 824 699 centurionumve
838 648 1007 712 adhortante,

98 720 150 766 sibi
165 723 269 785 quisque
280 722 330 769 dur
344 734 369 769 et
380 713 508 786 instigator
520 739 529 784 ς
539 726 726 789 etprecipuum
735 725 903 789 pessimorum
912 723 1005 770 incita·

69 795 75 800 '
93 804 227 849 mentum,
241 794 310 857 qubd
321 795 382 842 boni
391 796 538 843 moerebant.
633 845 639 854 ,
802 837 806 844 .

131 863 259 913 XXXlX.
270 867 326 914 lam
334 866 530 914 exterritusPiso
539 864 641 918 fremitu
650 866 829 917 crebrescentis
835 866 974 926 seditionis,
979 877 1006 918 et

98 932 204 986 vocibus
214 938 241 986 iu
250 939 339 987 urbem
351 945 428 1002 usque
439 939 630 1000 resonantibus,
641 955 766 1006 egressum
776 941 877 988 interim
885 937 1005 1001 Galbatrt,

97 1023 125 1059 et
134 1011 188 1058 loro
195 1012 453 1077 appropinquantem,
464 1012 598 1061 adsecutus
605 1025 672 1061 erat:
683 1012 732 1073 iam
740 1013 836 1062 Marius
844 1013 931 1063 Celsus
938 1012 1006 1060 baud

97 1085 154 1133 lota
168 1086 291 1134 retulerat
302 1102 397 1148 :quum
409 1084 466 1146 alii,
479 1088 526 1132 aiu
537 1086 659 1149 palatium
673 1085 770 1144 redire,
786 1087 1006 1151 aliiflopitolium

96 1170 200 1223 petere,
216 1159 346 1229 plerique
355 1171 435 1207 rostra
452 1159 597 1225 occupanda
608 1177 623 1208 n
641 1172 786 1218 conserent,
804 1160 890 1226 plures
906 1158 1006 1207 trutitttt

99 1233 231 1280 sententiis
243 1233 351 1280 aliorum
364 1231 580 1296 contradicerent,
592 1243 668 1296 utque
682 1233 769 1279 evenit
779 1231 804 1279 lu
819 1230 931 1280 consiliis
941 1229 1006 1279 infe·

69 1335 74 1354 ,
100 1304 211 1355 litibus.
229 1305 324 1368 optima
340 1305 500 1363 viderentur,
512 1319 620 1367 quorum
634 1316 733 1369 tempus
745 1303 875 1367 effugerat.
886 1301 1005 1367 ·Agittisse

80 1414 83 1422 .
102 1374 186 1431 Laco,
198 1376 282 1440 ignaro
294 1375 389 1440 Galba,
401 1376 432 1424 de
443 1374 583 1426 occidendo
590 1375 621 1424 T.
632 1375 710 1424 Vinio
719 1374 827 1440 dicitur,
835 1377 887 1422 site
897 1388 925 1422 ut
933 1392 1005 1440 poena
1045 1367 1055 1376 ’

103 1448 158 1513 ejus
169 1451 266 1499 animos
277 1451 387 1498 militum
400 1452 537 1507 mulceret,
551 1466 596 1497 ssu
608 1451 738 1497 conscium
752 1449 860 1498 Othonis
871 1449 1005 1509 credebat,

92 1515 138 1571 'ad
149 1537 316 1586 postremum,
326 1524 368 1571 rel
379 1523 449 1572 odio.
465 1524 657 1572 Hesitationent
672 1517 758 1571 attolit
771 1536 870 1588 tempus
881 1524 1006 1580 acincus,

100 1596 159 1661 quia
174 1597 244 1644 initio
255 1598 329 1644 caedis
341 1609 414 1654 orto,
429 1596 537 1645 difficilis
553 1595 664 1642 modus:
678 1606 703 1642 et
716 1596 849 1643 turbastlte
866 1597 1004 1644 consilium

99 1670 196 1735 trepidi
214 1670 314 1725 nuntii,
330 1686 359 1717 ac
374 1671 548 1733 proximorum
566 1667 681 1732 diffugia,
693 1665 875 1732 languentibus
890 1669 1005 1717 omnium

100 1742 206 1800 studiis,
216 1744 260 1806 qui
273 1740 357 1807 primi>
368 1743 461 1789 alacres
475 1740 550 1789 fldem
562 1751 637 1804 atque
651 1740 763 1787 animum
774 1750 972 1790 ostentaverant.

50 1817 54 1818 ⁷
135 1815 191 1872 XL.-
203 1816 330 1878 Agebatur
337 1814 387 1861 buc
395 1815 455 1861 illuc
464 1815 554 1867 Galba,
564 1813 634 1862 vario
643 1813 719 1858 turbas
726 1812 871 1858 fluctuantis
880 1812 1004 1875 impulsu,

78 1915 82 1928 ι
103 1890 237 1952 completis
252 1888 361 1951 undiquc
369 1887 479 1936 basilicis
491 1883 642 1946 actemplis‚
656 1881 755 1944 lugubri
766 1893 900 1947 prospectu
909 1901 915 1931 ι
925 1899 1005 1948 neque

105 1962 197 2026 populi
209 1971 253 2007 aot
265 1960 344 2024 plebis
361 1959 413 2006 ulla
427 1974 492 2020 vox3
508 1954 553 2003 sed
569 1953 671 2000 attoniti
684 1954 768 1999 vultus
779 1988 784 2007 ,
797 1964 822 1999 et
838 1970 961 2003 conversae
974 1954 1006 2003 ad

105 2033 193 2083 omnia
204 2049 292 2081 aures:
305 2051 356 2081 non
371 2032 511 2082 turnultus,
524 2045 577 2076 non
590 2021 661 2089 quies
672 2044 678 2073 ι
689 2026 762 2089 quale
774 2028 858 2088 magui
872 2026 967 2082 mettis,
981 2039 1006 2077 et

103 2110 254 2173 magnatio
266 2108 392 2156 silentium
405 2117 452 2154 est.
468 2103 565 2152 Othoni
579 2114 660 2149 temen
677 2117 690 2146 a
701 2101 789 2146 armari
801 2095 922 2164 plebemt>
937 2116 1006 2148 nun-

88 2195 92 2202 ’
104 2183 223 2232 tiabitur.
237 2183 297 2232 alre
307 2181 462 2248 precipites,
472 2191 498 2227 et
509 2191 632 2242 occupare
643 2176 772 2241 pericula»
783 2172 862 2238 jubet.
870 2175 947 2239 igitur
957 2177 1007 2223 mi-

28 2299 37 2312 ,
104 2258 165 2306 lites
173 2259 291 2317 Romani,
300 2258 371 2320 quasi
380 2256 535 2320 Vologesen,
546 2263 591 2300 aut
598 2251 735 2304 Pacorttut,
746 2249 813 2320 ovito
823 2246 1005 2297 Arsacidarum

105 2329 170 2377 solio
182 2329 328 2395 depulsuri}
338 2344 366 2375 ac
377 2344 428 2374 rton
442 2329 623 2390 imperatorem
635 2339 723 2380 suurn,
736 2322 856 2369 inermem
869 2332 894 2368 et
907 2335 1007 2392 renent,

103 2403 230 2458 trucidate
240 2413 386 2470 pergerent,
399 2400 500 2461 disiecti
509 2399 596 2464 plebe,
605 2397 751 2463 proculcato
762 2407 864 2457 senatu,
876 2407 958 2443 truces
968 2411 1007 2442 at·-

67 2471 75 2476 “
102 2478 162 2538 mis,
171 2478 265 2543 rapidis
273 2476 353 2539 equis,-
363 2474 444 2524 lorum
453 2477 611 2538 irrumpunt:
621 2489 665 2519 nec
675 2471 732 2518 illos
740 2470 858 2533 Capitolii
865 2465 1007 2532 adspectn's,
1074 2475 1077 2478 ’

104 2560 131 2596 et
143 2550 333 2598 imminentium
346 2549 495 2614 templorum
507 2546 610 2609 religio,
621 2556 647 2591 et
655 2536 749 2608 priores
760 2553 785 2587 et
793 2539 872 2596 luttnji
881 2538 1015 2601 principes

104 2625 233 2679 tet-tuere,
245 2624 378 2686 quominus
388 2619 498 2686 lacerent
509 2620 604 2677 scelus,
616 2617 686 2679 cujus
698 2616 766 2662 ultor
779 2625 815 2659 est
826 2609 938 2673 quisquis
951 2623 1008 2655 suc·

104 2708 191 2744 cessit.
721 2729 723 2732 v

86 2791 91 2802 ·
139 2767 207 2828 XLI.
222 2765 285 2815 Viso
297 2766 408 2815 eominus
418 2758 695 2824 al'mdlol‘ssffl'agmlnea
708 2753 853 2820 Vellllflllss
863 2753 1008 2800 ⁰0⁰¹ll³⁰²l⁵

103 2840 212 2889 Galbam
226 2836 335 2889 'cohor-tit
350 2859 363 2888 a
373 2840 491 2906 (Atilium
503 2835 676 2900 Vergilionem
686 2830 782 2878 luisse»
797 2827 906 2891 tradunt)
920 2827 1010 2891 derep-

103 2926 156 2962 tam
166 2913 251 2961 Galbte
259 2915 393 2978 imaginem
401 2913 455 2960 solo
465 2910 572 2959 adflixit.
581 2908 618 2956 Eo
628 2907 699 2969 signo
707 2899 837 2950 manifesta
846 2901 871 2946 iu
880 2899 1008 2951 Othonem

103 2988 218 3035 oninium
229 2988 339 3033 militum
354 2986 450 3047 studia,
464 2984 592 3040 desertum
604 2978 662 3043 lugi
674 2973 761 3043 populi
776 2973 874 3030 lotum>
890 2973 1011 3022 <1²⁸¹th

103 3058 224 3107 adsersus
240 3058 387 3107 dubitantes
399 3058 462 3118 tela.¹
473 3058 487 3103 J
490 3052 640 3116 urtaQurt't't
649 3053 730 3098 lacum
739 3084 746 3110 ‚
755 3045 922 3110 trepidatione
932 3045 1011 3093 leren-

103 3132 171 3181 tium
185 3131 265 3179 Galba
277 3144 406 3199 proiectus
420 3130 433 3176 ὲ
447 3130 523 3186 selli,
536 3143 564 3174 ac
578 3124 727 3189 provolutus
741 3132 786 3168 est.
800 3120 944 3167 Extremam
958 3117 1011 3179 ejus

101 3207 206 3260 ro'cetn,
229 3217 257 3253 ut
271 3208 363 3269 cuique
382 3203 488 3258 odium,
502 3213 544 3249 aut
562 3198 694 3247 admiratio
707 3194 771 3249 luit,
789 3192 855 3239 tatii
868 3188 1013 3266 prndiddre.

14 3308 20 3318 .
100 3276 171 3334 Alii,
182 3277 328 3344 suppliciter
337 3276 520 3337 interrogasse,
531 3270 615 3336 aquid
624 3268 684 3318 mali
695 3261 844 3316 tumuisset?
858 3278 948 3327 pancos
958 3258 1012 3306 tltes

102 3336 1014 3456 exsolvendotonantesdeprecaum:ptereaottuttsgepltwreffffi·

318 3443 321 3449 .
556 3420 559 3422 “
841 3420 856 3454 e

275 3515 277 3521 e
332 3494 355 3520 N
