2234 3817
121 161 127 195 t
284 138 295 158 ⁸
320 157 566 199 nrsroarlnnrs
587 163 656 205 nra.
681 166 702 203 r.
741 185 744 192 η
913 121 972 229 509Γ

37 261 39 266 ·
55 237 460 306 satur.Etblympbidiusquidezn
469 244 494 292 in
504 223 560 308 ipio
568 257 659 293 conatu
668 248 867 312 oppressus:sed
877 267 995 315 quam-,2

56 312 97 359 ris
111 312 190 377 capito
201 313 350 361 delectionis
369 317 467 371 ablato,
482 318 601 364 manebat
617 318 744 382 plerisque
761 320 872 369 militurn
889 339 985 380 cons-‚

53 386 148 432 cientia
160 405 166 434 :
177 403 225 433 nec
236 386 339 435 deerant
351 405 491 442 sermones.
500 392 619 438 «serrium
631 403 704 456 atque
715 395 846 441 avaritiam
855 395 968 443 Galbae»

58 460 256 524 increpantium.
267 460 380 508 Laudata
394 463 454 509 olim
465 498 472 523 ‚
483 475 508 511 et
521 464 624 511 militari
636 463 701 512 lami
713 467 837 515 celebrata
849 468 968 516 severitas

58 534 126 596 ejus,
140 535 249 597 angebat
260 533 439 599 adspernantur
454 548 564 585 veterem
576 537 754 603 disciplinam,
769 541 892 603 arqueriu
902 557 969 603 qua-

2 645 9 652 .
58 606 201 655 tuordecim
212 608 283 655 annis
295 606 309 655 ai
320 608 421 655 Nerone
431 607 591 659 adsuefactos
601 646 608 667 ‚
620 610 723 662 uthaud
733 611 818 661 mintis
833 614 883 660 vita
892 612 970 676 prin·

56 681 145 745 cipum
158 693 271 731 amarent
283 718 290 739 ,
302 681 377 746 quim
391 682 453 730 olim
461 683 567 731 virtutes
577 684 738 733 serebantur.
755 684 869 733 Accessit
884 683 971 733 Galba

59 770 112 802 ror
125 771 170 817 pro
179 756 310 820 republicl
323 754 445 817 honesti,
459 756 506 822 ipsi
516 772 625 822 anceps,
640 758 693 827 legi
703 758 721 809 ἁ
731 776 759 810 se
771 760 903 821 militem,
914 776 970 810 nott

57 831 125 886 vorni.
134 827 190 877 Nec
204 831 273 878 enirn
283 827 390 877 ad'hanc
402 829 508 878 sormam
516 837 598 879 cetera
609 842 691 880 erant.

94 900 140 949 vt.
154 900 296 951 Invalidum
303 919 389 950 senem
398 902 538 962 T.Viniur,
546 902 790 963 etcornetiusbacu
798 905 861 952 alter
867 902 973 953 deterri·

61 990 121 1027 mus
132 977 295 1034 mortalium,
306 978 369 1024 alter
381 973 573 1040 ignarissimus,
583 976 645 1025 odio
658 977 809 1040 flagitiorum
825 988 971 1036 oneratum,

59 1049 493 1112 contemptuinertiredestruebant.
501 1049 614 1098 Tardum
626 1050 712 1097 Galbae
724 1049 772 1104 iter
778 1085 786 1109 ,
796 1059 822 1097 et
830 1058 973 1106 cruentum,
1008 1067 1009 1074 ¹

62 1121 203 1171 interiectis
213 1122 471 1187 CingonioVarrone.
479 1123 584 1180 consule
594 1122 734 1187 designato,
744 1133 769 1170 et
775 1124 898 1172 Petronio
907 1121 974 1169 Tur·

62 1195 162 1259 piliano
169 1195 295 1243 consulari
302 1212 308 1240 :
315 1195 359 1242 ille
367 1204 396 1241 ut
404 1192 555 1260 Nymphidii
564 1196 655 1255 socius,
666 1194 705 1244 hic
714 1206 741 1242 ut
750 1193 800 1242 dux
807 1193 925 1251 Neronis,
932 1185 975 1240 ln'·

64 1266 147 1314 auditi
159 1280 233 1332 atque
247 1266 386 1324 indefensi,
400 1277 520 1327 tanquam
531 1267 678 1322 innocentes
693 1267 830 1333 perierant.
850 1265 975 1314 lutroitus
1011 1297 1042 1334 r,

65 1341 94 1388 in
112 1340 215 1398 urbem,
230 1340 362 1387 trucidatis
377 1351 416 1387 tot
431 1339 545 1386 millibus
562 1341 699 1388 inermium
710 1340 837 1402 militum,
851 1339 976 1387 infaustus

66 1414 168 1474 omine,
180 1414 254 1475 atque
266 1414 327 1480 ipsis
336 1415 413 1462 etiam
422 1448 429 1471 ,
438 1411 482 1475 qui
494 1410 656 1468 occiderant,
667 1410 856 1460 formidolosus.
868 1410 976 1459 Inducu

65 1487 166 1550 legione
175 1486 296 1556 Hispani,
304 1496 450 1533 remanente
460 1482 499 1542 ci,
508 1499 583 1547 quarn
594 1483 692 1533 iolasse
701 1483 772 1534 Nero
783 1485 976 1549 conscripserat,

65 1560 145 1625 plena
157 1560 215 1609 urbs
225 1562 336 1608 exercitu
346 1560 448 1612 insolito
458 1576 464 1605 z
475 1559 549 1606 multi
560 1558 592 1606 ad
601 1559 648 1606 boc
656 1559 754 1607 numeri
763 1545 936 1616 &Germaniiq
948 1571 977 1603 ac

66 1632 197 1682 Britannii
207 1670 214 1693 ,
225 1644 251 1681 et
261 1633 378 1699 Illyrico,
392 1645 455 1694 quos
468 1630 536 1682 idem
548 1630 619 1680 Nero
631 1630 725 1679 ele'ctos
741 1633 929 1696 praemissosque
945 1627 977 1675 ad

4 1758 7 1764 ,
68 1707 178 1755 claustra
195 1699 343 1771 Caspiarum
351 1741 358 1763 ,
373 1704 583 1769 etbellum‘quod
594 1705 620 1753 in
630 1702 743 1753 Albanos
753 1704 875 1769 parabat,
886 1702 978 1766 oppri·
1040 1731 1041 1737 κ
1110 1725 1113 1731 ·

68 1777 168 1827 mendis
179 1778 297 1830 Vindicis
308 1779 397 1844 coeptis
405 1789 584 1826 revocaverat:
595 1778 684 1840 ingens
693 1779 769 1826 riuvis
777 1778 852 1824 rebus
861 1774 978 1833 materia,

68 1865 158 1901 utnon
169 1855 195 1901 in
208 1871 288 1903 uuum
298 1853 407 1917 aliquem
418 1868 499 1917 prono
509 1852 609 1908 lavore,
622 1853 656 1898 ita
668 1851 772 1898 audenti
781 1849 878 1915 Peraia.

34 1965 36 1970 t
104 1925 254 1992 VlltForte
267 1937 431 1991 congruerat,
446 1935 475 1972 ut
487 1922 569 1973 Clodii
583 1922 676 1978 Macri,
690 1934 716 1970 er
728 1924 829 1971 Fonteii
844 1921 978 1986 Capitonis

72 1997 154 2045 cedes
165 2002 348 2049 nuntiarentur.
362 2000 493 2062 Macrum,
509 1997 535 2044 in
549 1992 632 2043 Africi
646 1993 803 2042 hauddubie
817 1992 979 2056 turbantem,

72 2072 217 2120 Trebonius
232 2074 402 2130 Garucianus,
413 2081 578 2137 procurator,
591 2069 658 2131 jussu
670 2067 771 2129 Galbar3
788 2064 937 2130 Capitonem
953 2066 981 2111 in

74 2146 225 2203 Germanii,
237 2164 314 2211 quum
325 2147 416 2197 similia
426 2155 560 2210 coeptam,
576 2141 708 2191 Cornelius
717 2140 880 2205 Aquinus,et
888 2135 981 2184 Fabius

73 2207 981 2286 Valennlegatilegicnum,interfecerant,antequamiuberentur.Fuere

74 2292 120 2353 qni
135 2293 277 2352 crederent,
290 2294 454 2359 Capitonem,
468 2302 497 2348 ut
508 2289 614 2340 araritid
626 2300 652 2338 et
662 2288 766 2338 libidine
778 2285 872 2336 foedum
886 2298 915 2332 ac
926 2296 983 2330 ma-

74 2364 203 2427 culosum,
215 2370 250 2416 ita
261 2369 414 2433 cogitatione
426 2382 511 2415 rerum
521 2381 645 2415 novarum
656 2362 819 2424 abstinuisse3
832 2355 900 2408 sedi
912 2356 984 2419 lega·

73 2440 109 2485 tis
119 2439 215 2490 bellum
228 2442 406 2501 suadentibus,
416 2445 552 2506 postquam
561 2439 692 2505 impellere
702 2434 876 2498 nequiverint,
888 2431 983 2478 crimen
1031 2429 1035 2436 ¹

73 2528 104 2560 ac
117 2514 204 2563 dolum
216 2519 387 2582 compositum
401 2515 469 2564 ultrei
482 2534 488 2564 2
501 2527 527 2563 et
539 2517 646 2564 Galbam
661 2511 803 2561 mobilitate
816 2505 924 2569 ingenii,
936 2519 983 2558 an,
1039 2525 1041 2538 π

73 2602 108 2634 ne
123 2588 199 2636 altiris
216 2600 383 2649 scrutaretur,
399 2606 501 2658 quoquo
521 2589 599 2636 modo
615 2599 685 2645 acta,
701 2586 758 2647 qnia
770 2581 864 2628 mutari
877 2587 926 2624 nou
940 2588 984 2635 po·

76 2670 175 2721 terant,
185 2661 370 2724 comprobaiase.
381 2661 500 2713 Ceterum
512 2673 617 2724 utraque
628 2658 707 2706 caedes
717 2653 818 2703 sinistre
828 2657 929 2711 accepta
940 2661 945 2690 :
957 2651 984 2690 θῑ

75 2733 166 2786 inviso,
173 2736 251 2779 semel
261 2735 384 2800 principe,
396 2754 438 2788 seu
449 2735 526 2790 nene,
539 2752 583 2783 seu
594 2732 658 2780 malb
669 2729 732 2777 sacta
742 2734 869 2791 premunt.
882 2705 936 2767 Jaln
946 2714 986 2766 al·

76 2802 195 2853 ferebant
207 2808 303 2854 venalia
318 2822 407 2858 cuncta
417 2818 584 2875 prepotentes
592 2805 679 2852 liberti
689 2819 696 2848 ε
706 2812 837 2849 serrorum
847 2807 936 2840 manus
946 2806 987 2838 su·

77 2875 143 2924 bins
153 2878 231 2926 aridae
241 2918 247 2938 ,
257 2892 282 2929 et
294 2892 410 2944 tanquam
421 2882 489 2949 apud
497 2895 584 2927 senem
594 2876 740 2926 {estinanter
751 2889 757 2919 t
769 2868 904 2930 eademque
914 2877 986 2912 nova

78 2949 141 2997 aulae
156 2953 236 3015 mala,
252 2955 320 3019 arque
330 2959 429 3021 gravia,
441 2974 493 3005 nou
503 2952 572 3017 aeque
583 2961 709 3000 excusata.
724 2946 781 3013 Ipsa
793 2954 851 2991 :etas
862 2938 948 2989 Galba
961 2948 988 2987 ct

75 3021 176 3086 irrisui,
188 3040 216 3073 ac
229 3025 330 3078 lastidin
341 3041 408 3088 erat,
421 3028 531 3077 adsuetis
540 3027 649 3088 juventa·
657 3020 779 3079 Neronis,
789 3029 813 3065 et
823 3017 988 3082 imperatores

76 3093 166 3142 sormir
174 3114 202 3144 ac
212 3097 303 3150 decors
313 3103 428 3167 corporis
439 3100 477 3165 (ut
486 3103 524 3146 e'st
533 3115 589 3158 mos
598 3095 678 3161 vulgi)
687 3089 903 3157 comparanllbtw·

110 3163 161 3215 Vll
167 3170 187 3218 l.
206 3173 239 3221 Et
250 3173 408 3239 bicquidem
426 3177 513 3222 Rome
522 3208 528 3230 ‚
546 3184 666 3240 tauquam
682 3168 708 3215 iu
724 3164 793 3213 tanti
807 3157 989 3212 multitudine,
1033 3183 1039 3194 ·

80 3239 185 3289 habitus
199 3245 342 3295 animorum
358 3245 416 3296 luit.
428 3245 450 3292 E
460 3245 614 3309 provinciis,
628 3231 756 3305 Hispaniae
766 3246 870 3302 praeerat
882 3229 991 3309 Cluvius

75 3314 174 3381 Ruina,
186 3318 224 3365 vir
239 3317 365 3369 facundus
378 3356 385 3381 ‚
400 3330 425 3366 et
434 3319 502 3382 pacis
512 3317 624 3374 artibus,
634 3313 707 3362 bellis
719 3315 871 3375 inexpertus.
888 3300 988 3382 Gallfflfr

77 3403 154 3454 super
166 3395 319 3444 memoriam
332 3390 465 3451 Vindicis,
479 3389 597 3455 obligata
609 3387 705 3437 recenti
714 3383 781 3432 dono
791 3381 909 3432 Romane
922 3385 990 3419 civr-
