2234 3817
333 188 569 253 misnensium
592 193 656 229 nra.
680 193 722 229 tv.
932 179 982 248 4²7

62 287 191 342 tempore
202 271 308 339 quidem
319 272 352 322 ad
365 272 530 323 ordinandam
541 274 622 322 aciem
632 287 706 340 capto
719 311 727 334 ,
737 273 897 340 incompositi
908 274 983 323 fessi-

63 364 124 412 que
141 348 258 412 praelium
277 345 425 411 sumpsere:
446 362 505 394 nam
522 346 611 397 Civilia
629 347 728 408 aderat,
745 366 797 397 non
815 346 899 397 minito
913 347 983 397 riti'te

40 425 43 430 '
64 420 205 480 hostium,
217 419 291 484 qu'am
303 421 397 468 virtute
409 433 514 470 suorum
527 421 615 471 fretus.
625 424 702 471 Varia
712 423 779 488 apud
789 421 918 473 Romanos
929 419 982 468 lor-

68 510 155 554 tuna,
167 507 193 544 et
208 495 414 544 seditiosissimus
431 495 536 558 quisque
551 496 657 559 ignarus
674 515 680 545 ε
699 497 799 560 quidam
809 498 915 546 recentis
928 495 985 542 vic-

72 570 152 620 toriae
162 585 299 628 memores,
309 570 419 618 retinere
427 570 528 630 locum,
540 570 614 619 ferire
623 571 734 634 hostem,
744 587 818 637 seque
825 584 851 619 et
858 573 987 636 prosimos

74 642 196 691 hortari:
210 654 237 691 et
252 642 424 706 redintegratis
437 644 506 703 acie,
521 662 611 694 manus
622 646 659 694 ad'
672 647 786 695 obsessos
802 645 919 703 tendere,
934 659 988 693 nne

76 716 323 781 temporideessent
332 734 357 765 n.
368 714 423 772 Illi,
435 730 523 765 cuncta
535 717 637 769 emuris
645 732 790 779 cernentes,
801 720 918 768 omnibus
930 736 990 783 por·

74 790 111 838 tis
127 801 309 855 prorumpunt.
323 790 361 839 Ac
377 789 442 838 sorte
456 792 544 840 Civilis
557 793 631 859 lapsu
647 795 706 859 equi
726 805 882 859 prostratus,
897 789 992 840 creditd
1040 806 1044 809 ·

76 873 276 928 penutrumque
291 864 430 914 exercitum
443 864 524 925 lami,
541 882 556 914 n
566 869 726 916 vulneratum
741 880 784 915 aut
794 866 994 921 interfectum»,

77 936 193 984 immane
203 947 326 998 quantum
340 939 390 985 suis
401 939 518 1003 pavoris,
531 951 557 986 et
567 940 681 993 hostibus
694 941 831 989 alacritatis
847 937 949 999 indidit,

118 1007 239 1059 XXXV.
251 1008 300 1058 Sed
310 1011 419 1073 Vocula,
430 1010 686 1076 omissiafugientium
697 1014 787 1076 tergis,
799 1013 891 1060 sallum
900 1012 996 1057 turres-

50 1108 54 1119 ι
77 1097 130 1146 que
145 1093 289 1131 castrorum
307 1084 427 1148 augebat,
447 1095 567 1149 tanquam
584 1085 669 1134 ruraris
684 1085 811 1134 obsidium
826 1085 989 1133 immineret:

82 1153 205 1219 corrupti
217 1155 309 1201 totiens
318 1152 437 1212 victoris,
450 1172 502 1203 non
512 1155 575 1207 salso
584 1168 716 1223 suspectus
724 1157 820 1205 bellum
829 1156 915 1202 malle.
926 1152 998 1205 Nihil

83 1225 151 1291 aequb
161 1226 288 1277 exercitus
298 1236 399 1274 nostros
405 1263 414 1287 ,
432 1226 508 1290 quiam
522 1241 619 1293 egestas
630 1231 761 1295 copiarum
775 1228 903 1292 fatigabat.
912 1228 995 1290 impe-

85 1297 195 1347 dimentai
210 1299 340 1363 legionum
356 1314 414 1345 cum
430 1301 527 1348 imbelli
540 1303 614 1350 turbis
628 1304 766 1352 Novesium
778 1301 869 1361 missa,
882 1312 909 1346 nt
918 1298 994 1361 iude,

84 1373 198 1423 terrestri
211 1372 316 1429 itinere,
326 1370 483 1420 frumentum
493 1373 657 1424 adveherent.
669 1376 734 1424 Nam
744 1374 849 1423 flumine
859 1374 942 1421 lrostes
949 1387 996 1437 po·

73 1445 224 1495 .tiebautur.
237 1447 353 1495 Primum
364 1459 455 1509 agmen
466 1462 581 1495 securum
593 1449 708 1504 incessit,
723 1447 837 1497 nondum
849 1448 908 1495 satis
920 1447 994 1494 firmo

87 1519 170 1569 civile
180 1538 186 1567 ε
197 1520 256 1584 qui,
268 1520 312 1567 ubi
323 1536 336 1566 n
348 1534 433 1566 rursus
442 1519 531 1569 missos
542 1519 683 1570 Novaesium
692 1521 885 1571 frumentatores
890 1558 898 1580 ,
910 1520 994 1568 datas-

85 1609 136 1658 que
148 1593 173 1641 in
182 1592 332 1658 praesidium
344 1590 475 1653 cohortes,
491 1595 562 1641 velut
575 1594 656 1642 munt
670 1612 731 1660 pace
742 1595 865 1661 ingredi»
882 1587 995 1658 accepit:

82 1682 168 1715 rarum
184 1664 255 1731 apud
269 1665 339 1728 signa
357 1666 481 1723 militem,
497 1668 606 1713 armaio
622 1664 760 1724 vehiculis,
776 1679 881 1715 cunctos
893 1665 997 1714 licentii

81 1759 174 1808 vagos,
189 1740 346 1805 compositus
361 1740 474 1790 invadit.¹
486 1743 634 1807 praemissis,
649 1744 692 1805 qni
703 1734 793 1807 pontes
803 1755 828 1791 et
842 1744 938 1791 viarum
950 1758 999 1788 an·
1059 1796 1062 1811 ὅ

83 1828 156 1883 gusta
163 1814 312 1865 insiderent.
319 1814 465 1877 Pugnatum
474 1816 550 1873 longo
558 1815 669 1873 agmine,
677 1828 702 1860 et
713 1817 811 1863 incerto
821 1818 910 1875 Marte,-
918 1816 998 1863 donec

11 1902 16 1927 t
83 1890 199 1955 prelium
215 1905 265 1936 uox
282 1885 422 1933 dirimeret.
435 1884 557 1931 cohortes
570 1883 714 1931 Geldubam
732 1887 878 1950 perrexere,
890 1905 998 1937 manen·

86 1960 172 2020 tibus,
188 1969 216 2005 ut
225 1957 339 2013 lucrant,
352 1954 454 2014 castris,
469 1971 522 2018 quae
534 1955 681 2002 relictorum
693 1956 745 2003 illic
758 1958 868 2005 militum
882 1958 997 2023 praesidio

89 2031 251 2079 tenebantur.
261 2032 317 2079 Non
331 2040 385 2078 erat
401 2027 524 2084 dubium,
542 2039 666 2091 quantum
679 2029 706 2075 in
716 2028 999 2093 regressu'discriminis

89 2102 234 2153 adeundum
251 2105 333 2164 foret,
352 2102 580 2153 frumentatoribus
602 2102 700 2149 onustis
719 2102 900 2168 perculsisque.
918 2103 999 2155 Addit

89 2180 216 2229 exercitui
226 2196 270 2228 suo
280 2179 380 2229 Vocula
391 2179 460 2225 mille
473 2175 598 2233 delectos,
609 2173 717 2239 equintai
729 2187 754 2223 et
762 2176 947 2240 quintldecimai
957 2179 998 2225 le·

83 2242 211 2318 'gionibus
224 2252 290 2317 apud
306 2253 399 2301 Vetera
411 2249 534 2305 obsessis,
549 2247 703 2297 indomitum
716 2249 839 2311 militem,
852 2263 877 2298 et
892 2242 998 2299 ducibus

90 2325 226 2376 infensum.
238 2326 341 2387 Plures,
354 2323 428 2388 quim
441 2322 538 2385 jussum
548 2335 617 2382 erat,
629 2324 735 2389 profecti
746 2360 752 2383 ‚
765 2321 848 2390 palem
860 2322 886 2373 in
898 2325 997 2388 agmine

89 2400 243 2463 fremebant,
253 2417 324 2448 cnon
332 2416 357 2448 se
367 2399 433 2447 ultrai
443 2400 547 2461 l'amem,
555 2398 807 2463 insidiaslegatorum
815 2401 967 2450 toleraturos
974 2415 1001 2446 n.

92 2472 143 2531 At,
155 2474 198 2537 qui
210 2483 394 2529 remanserant,
410 2470 547 2520 «desertos
559 2488 602 2535 se,
618 2470 728 2520 abducti
742 2483 816 2538 parte
827 2468 956 2537 legionum
967 2490 999 2535 r),

93 2548 276 2613 querebantur.
292 2548 390 2612 Duplex
403 2545 462 2594 hinc
475 2546 584 2595 seditio:
602 2549 656 2597 aliis
667 2547 845 2598 revocantibus
855 2549 981 2599 Voculam
992 2567 1001 2612 5

90 2621 148 2671 aliis
158 2619 242 2666 redire
253 2625 278 2666 in
289 2633 365 2669 castra
376 2620 555 2669 abnuentibus.

126 2692 250 2746 XXXVI.
257 2691 360 2741 Interim
368 2694 452 2742 Civilis
460 2691 551 2742 Vetera
559 2690 729 2739 circumsedit.
737 2692 834 2740 Vocula
843 2693 985 2742 Geldubam
994 2727 1002 2752 ,

93 2778 170 2830 atque
186 2763 243 2813 iude
262 2765 399 2815 Novesium
417 2763 550 2813 concessit.
570 2762 655 2811 Civilis
672 2766 738 2828 capit
757 2763 910 2813 Geldubam.
922 2767 1000 2826 Mos,

93 2838 162 2891 haud
170 2839 264 2905 procul
271 2838 392 2899 Noresio,
403 2839 512 2902 equestri
523 2837 609 2902 praelio
618 2836 735 2902 prospere
745 2840 860 2886 certarit.
870 2838 919 2886 Sed
929 2839 1001 2887 miles

95 2913 211 2964 secundis
230 2913 390 2978 adversisque
405 2911 509 2978 perinde
527 2912 554 2958 ln
572 2911 678 2958 esitium
695 2910 788 2959 ducum
808 2912 1002 2962 accendebatur.

93 2987 130 3036 Et
139 2986 249 3036 adventu
259 2982 437 3051 quintanorum
447 2983 775 3048 quintadecimanorumque
785 2997 862 3033 auctae
874 2985 1003 3051 legiones,

96 3058 269 3109 «donativum
278 3078 293 3109 u
311 3070 466 3125 exposcunt,
479 3072 627 3123 comperto,
641 3060 775 3124 pecuniam
790 3058 804 3109 i
815 3060 920 3109 Vitellio
938 3059 1002 3106 mis-

95 3149 159 3182 sam.
176 3133 228 3182 Nec
245 3135 290 3182 diu
303 3144 436 3182 cunctatus
449 3132 627 3189 Hordeonius,
644 3135 747 3182 nomine
761 3135 908 3201 Vespasiani
920 3132 1000 3181 dedit.

95 3204 174 3268 quue
189 3209 346 3277 praecipuum
365 3206 413 3255 luit
430 3205 562 3256 seditionis
572 3207 729 3256 alimentum.
746 3206 863 3256 Effusiin
877 3207 1005 3265 insumet

86 3279 195 3345 epulas,
208 3292 234 3329 et
248 3292 386 3330 nocturnos
400 3292 492 3343 coetus,
505 3280 654 3328 reterem‘in
667 3278 842 3330 Hordeonium
853 3280 916 3326 iram
927 3293 1005 3327 reno-

95 3348 156 3401 vant
168 3370 174 3401 2
185 3370 233 3405 nec
249 3356 302 3403 ullo
318 3353 461 3421 legatorum
478 3354 672 3402 tribunorumve
685 3353 808 3403 obsistere
820 3371 880 3402 auso
894 3354 1003 3419 (quippe

96 3441 201 3478 omnem
209 3428 336 3495 pudorem
346 3443 399 3480 uox
410 3424 559 3495 ademerat),
567 3439 724 3496 protractum
734 3427 747 3478 ὲ
756 3428 834 3479 cubili
842 3427 1003 3479 interficiunt.
