2234 3817
214 57 218 78 1

158 159 176 212 ὓ
452 166 476 201 c.
495 163 587 201 soar.
599 153 739 202 *ractmff

136 253 260 330 precesl'.
278 246 386 313 Quirino
395 247 539 316 propinquo
554 262 600 294 suo
616 245 648 294 ad
662 244 802 313 principem
815 242 943 294 mandavit
959 262 967 293 t
984 259 1051 293 res·¹

134 347 244 403 ponsum
257 337 311 382 est,
325 332 355 375 ut
369 331 496 374 senatum
508 330 626 389 rogarer.

79 463 82 468 ,
167 400 269 457 XXXI.
277 397 431 460 (lingebatur
441 396 542 444 interim
554 395 636 443 milite
649 392 754 445 domus,
767 393 913 459 strepebant
923 388 1004 437 etiam
1015 389 1046 439 in

135 480 270 536 vestibulo,
281 485 309 521 nt
318 471 408 532 audiri,
419 483 448 519 ut
456 472 533 536 aspici
544 482 649 535 possent
661 486 667 515 :
678 485 754 532 quum
766 467 840 530 Libo,
851 467 927 532 ipsis,
937 480 1002 528 quas
1015 464 1046 513 in

134 555 300 609 nouissimam
311 548 468 612 voluptatem
484 545 632 599 adhibuerat
640 543 742 607 ,epulis
754 539 927 596 excruciatus,
946 554 1044 587 vocare

133 640 319 699 percussorem,
331 636 585 686 prensareserrnrum
600 619 712 678 dextras,
729 619 838 665 inserere
849 616 978 681 gladium:
996 624 1041 660 at·

132 721 182 771 que
190 703 253 753 illis,
265 696 326 743 dum
338 694 478 758 trepidant,
489 692 549 740 dnm
559 689 701 754 refugiunt.
712 691 883 738 evertentibus
892 688 1040 754 adpositum

132 773 219 830 mensd
230 774 332 824 lumen,
348 766 467 817 feralibus
479 767 529 830 jam
545 765 592 813 sibi
605 765 730 820 tenebris7
744 763 808 813 dnos
824 766 888 812 ictus
900 765 926 809 in
938 763 1041 808 uiscera

133 852 237 903 direxit.
247 842 288 894 Ad
297 842 419 905 gemitum
430 840 592 894 collabentis.
607 837 736 885 adcundi-e
747 837 847 892 liberti,
865 849 889 884 et
901 835 967 883 caede
982 833 1038 881 ris!

132 928 208 981 miles
215 917 321 970 abstitit.
333 914 466 964 Accusatio
476 903 564 961 lamen
576 911 642 975 apud
652 922 735 975 patres
745 909 934 966 adseveratione
946 906 1038 955 eddem

132 1014 246 1076 peracta.
260 995 401 1060 juravitque
412 993 538 1053 Tiberius,
554 1005 568 1037 n
577 990 715 1053 petiturum
729 989 845 1036 scritum
859 987 971 1052 quamtis
982 1001 1038 1033 no·

133 1071 199 1130 centl
209 1110 216 1126 .
226 1072 275 1118 nisi
284 1069 452 1116 voluntariam
462 1077 568 1113 mortem
580 1062 764 1128 properavisset
775 1080 800 1111 u.

163 1141 273 1198 xxxtt.
287 1139 358 1186 Bona
374 1141 439 1186 inter
450 1149 607 1186 accusatores
621 1134 768 1182 dividuntur
782 1152 788 1182 t
803 1145 828 1182 et
840 1144 951 1200 praetura
963 1141 1036 1179 extra

132 1220 248 1272 ottlrnem
258 1212 320 1259 data
332 1209 385 1263 liis,
398 1210 441 1272 qui
451 1210 571 1256 senatorii
581 1205 677 1255 ordinis
688 1217 766 1255 erant.
777 1206 849 1253 Tunc
862 1206 926 1251 Cota
937 1202 1034 1250 Messa·

73 1313 75 1317 ·
128 1297 212 1349 linus,
231 1303 285 1337 <rue
303 1283 384 1346 imago
400 1282 504 1329 Libonis
516 1281 654 1344 ‘exsequias
673 1293 834 1344 posterorum
851 1278 1033 1335 comitaretur,

131 1366 235 1420 censuit
247 1381 255 1412 :
271 1359 319 1408 Cn.
330 1353 481 1412 Lentulus,
492 1370 522 1401 ne
532 1354 590 1417 quis
598 1353 743 1401 Scribonius
752 1361 946 1417 cognomentum
955 1348 1033 1397 Drusi

130 1439 295 1490 adsumeret:
312 1427 521 1493 supplicationem
540 1424 593 1472 dies
611 1421 756 1486 Pomponii
774 1424 872 1473 Flacci
892 1419 1036 1471 sententis

131 1506 275 1564 constituti
286 1523 293 1552 .·
305 1511 333 1548 ut
344 1498 485 1556 donatori,
498 1498 589 1556 Marti,
603 1494 758 1553 Concordiae,
769 1506 845 1557 utque
861 1494 955 1542 Iduum
968 1491 1034 1557 Sep-

129 1582 268 1637 tembrium
277 1574 345 1632 dies,
356 1588 406 1634 quo
417 1589 442 1619 se
455 1573 518 1620 Libo
528 1571 700 1625 interfecerat,
711 1568 763 1616 dies
775 1567 852 1616 lestus
864 1567 1033 1625 haberetur»,

129 1662 160 1710 L.
172 1652 292 1710 Publius,
302 1657 329 1693 ct
337 1644 425 1694 Gallus
435 1643 553 1704 Asinius,
563 1657 589 1693 et
597 1644 690 1706 Papius
699 1642 818 1700 Mutilus,
828 1653 853 1689 et
862 1643 892 1690 L.
904 1639 1032 1705 Apronius

129 1727 263 1782 decrevere
270 1740 276 1770 :
284 1738 392 1786 quorum
402 1722 574 1777 auctoritates,
581 1715 786 1778 adulationesque
796 1716 917 1771 retuli,ut
927 1712 1032 1760 sciretur

127 1816 201 1857 vetus
213 1799 238 1848 id
249 1799 275 1846 in
284 1793 413 1859 republicd
423 1796 527 1844 malum.
540 1794 615 1839 Facta
625 1793 651 1837 et
662 1787 693 1835 de
705 1787 891 1836 lllatlrematicis
901 1784 1030 1846 Magisque

126 1876 201 1933 Iutta
210 1871 334 1939 pellendis
343 1867 557 1918 senatusconsultu
567 1883 574 1929 5
589 1879 697 1927 quorum
707 1862 834 1910 enumero
844 1898 851 1922 ,
862 1859 892 1908 L.
901 1855 1028 1907 Pituanius
1040 1851 1048 1886 1

129 1969 190 2006 saxo
205 1948 315 2011 dejectus
324 1954 363 1991 est
378 1959 384 1989 :
400 1943 425 1990 in
437 1940 464 1988 P.
479 1939 605 1987 Marcium
618 1937 733 1985 consules
744 1947 814 1983 extra
825 1946 924 2000 portam
931 1928 1030 1992 Exqui-

127 2029 207 2078 linam
216 2060 223 2081 ,
234 2031 313 2084 quum
322 2015 453 2063 classicum
462 2020 564 2060 caruere
573 2009 690 2071 iussisent
696 2043 704 2070 ,
713 2019 788 2054 more
795 2007 879 2071 prisco
889 1998 1030 2052 advertere.

167 2093 290 2149 amit.
300 2090 420 2146 Proximo
430 2097 531 2135 senatus
541 2085 581 2134 die
592 2081 672 2133 multa
684 2084 710 2130 in
721 2082 809 2128 lusum
823 2078 931 2129 civitatis
940 2073 1030 2123 dictad

128 2178 164 2241 Q.
176 2169 281 2220 Haterio
293 2163 432 2218 consulari,
446 2161 552 2210 Octavio
563 2159 694 2207 Frontone
704 2150 810 2219 praeunti
824 2152 909 2200 luncto
923 2148 1030 2197 :decre·
1063 2167 1072 2172 ‘

128 2255 234 2304 tumque
247 2250 297 2282 nne
307 2248 363 2277 vasa
376 2233 524 2277 aurosolidn
534 2226 707 2276 ministrandis
716 2226 779 2273 cibis
791 2225 879 2273 fierent
891 2240 897 2269 :
911 2238 942 2269 ne
953 2220 1029 2268 vestis

128 2311 280 2370 sericavnos
289 2300 403 2349 foedaret.
415 2302 541 2350 Excessit
547 2303 666 2356 Fronto,
676 2316 709 2347 ac
716 2296 864 2366 postulauit
875 2293 1028 2342 modumsr·

129 2401 220 2460 gemo,
227 2373 532 2445 supellectili‚·familite».
543 2374 605 2422 Erat
614 2374 707 2438 quippe
717 2372 799 2428 adlruc
807 2371 921 2435 frequens
929 2373 1027 2414 senato·

127 2464 214 2519 filma,
233 2456 253 2501 si
267 2448 326 2513 quid
339 2447 353 2495 ὲ
368 2446 495 2511 republica
511 2445 644 2495 crederent
653 2479 660 2503 ,
681 2435 884 2502 loco“sentenriae
900 2450 1025 2505 promere.

129 2532 223 2593 Gontri
232 2527 318 2579 Gallus
324 2521 428 2574 Asinius
435 2522 567 2572 disseruitt
582 2519 687 2571 nAuctu
696 2520 796 2584 imperii
805 2517 939 2566 adolevisse
947 2509 1025 2556 etiam

127 2583 1026 2686 privatssopetpidquenonnosum,seddactustissimismoriluts:aliam

128 2684 196 2753 spud
208 2673 351 2729 Fabricios,
370 2673 444 2721 alium
458 2670 526 2744 apud
538 2671 666 2736 Scipiones
682 2668 834 2732 pecuniam3
850 2676 874 2712 et
891 2669 979 2709 cuncta
993 2653 1027 2702 ed

126 2752 309 2822 renpnblicam
322 2745 409 2794 referri
423 2764 429 2794 :
442 2745 490 2811 qud
502 2745 584 2805 tenui,
599 2754 717 2807 angustas
726 2741 820 2787 civium
833 2736 922 2784 domos
932 2751 947 2798 3·
956 2740 1027 2797 post-

127 2843 203 2899 quam
211 2823 241 2874 ed
253 2817 443 2883 magnificentiae
455 2819 562 2882 venerit,
574 2818 678 2881 gliscere
687 2813 797 2883 singulos
809 2823 905 2871 :neque
916 2807 941 2851 in
953 2802 1029 2850 tami·
1050 2849 1054 2856 ¹

71 2917 74 2924 ’
125 2908 160 2960 ltu
176 2916 202 2953 nc
212 2908 330 2961 argento,
344 2907 448 2954 quaque
462 2892 493 2939 ad
505 2908 579 2939 usum
592 2900 726 2957 parentur,
740 2883 846 2931 nimium
860 2875 969 2938 aliquid,
982 2883 1028 2920 ans

127 2977 270 3031 modicum,
281 2966 329 3013 niti
338 2962 479 3012 exicitant
489 2962 641 3027 possidentis
651 2980 658 3010 ι
668 2958 799 3008 distinctos
809 2948 909 2999 senatus
917 2953 945 2994 et
954 2944 1029 3008 equi-

126 3066 183 3102 tum
196 3055 300 3094 census,
316 3052 367 3084 non
379 3038 438 3099 quia
449 3036 542 3084 diversi
559 3035 664 3092 natura,
682 3030 726 3083 sed
740 3039 769 3077 ut
781 3028 843 3075 locis
850 3057 858 3082 ,
876 3020 1026 3086 ordinibus,

128 3112 331 3186 dignationibus,
347 3112 466 3158 antistant
485 3123 511 3158 et
528 3111 601 3167 aliis,
619 3124 672 3171 qua
691 3106 723 3154 ad
741 3102 859 3168 requiem⁴
873 3096 965 3154 animi,
985 3090 1029 3165 aut

127 3190 298 3244 salubritatem
316 3198 451 3246 corporum
467 3193 586 3247 parentur
605 3198 612 3227 ε
633 3179 678 3227 nisi
698 3178 762 3227 forte
779 3173 920 3223 clarissimo
936 3172 1026 3232 suique

126 3266 212 3331 plures
225 3273 311 3311 curas,
324 3254 417 3316 majora
431 3256 542 3320 pericula
558 3251 686 3301 subeunda
698 3270 707 3316 3
725 3247 900 3298 delinimentis
913 3256 1027 3289 curarunt

127 3348 154 3383 et
164 3333 333 3398 periculorum
350 3329 495 3389 carendum:
503 3342 556 3374 esse
566 3344 592 3372 a.
610 3323 720 3370 Facilem
732 3322 866 3369 adsensum
881 3316 969 3371 Gallo,
981 3313 1027 3361 sub

128 3405 273 3459 nominibus
281 3402 403 3463 honoris,
413 3400 536 3454 confessio
546 3398 675 3458 uitiorum,
684 3408 711 3445 et
720 3392 863 3449 similitudo
872 3386 1027 3441 audientium
