2234 3817
164 152 215 205 582
484 154 509 193 c.
528 151 757 195 connatam

163 245 261 302 emim
273 240 337 291 inter
348 235 499 297 Hostiliam,
509 239 595 287 vicum
603 238 790 288 Veronensium
799 273 807 297 ,
817 238 964 306 etptludes
971 241 1075 296 Tartari

160 319 286 379 fluminis,
305 323 385 363 castra
399 311 554 377 permuniit:
575 322 645 361 tutus
665 312 739 370 loco,
756 325 835 376 quum
852 323 925 379 terga
938 316 1071 382 flumine,

161 400 238 449 latera
248 389 347 453 objectu
361 384 462 451 paludis
478 395 645 450 tegerentur:
662 384 732 449 qudd
748 387 769 433 si
781 385 902 435 adfuisset
923 388 1008 453 fides,
1031 405 1072 443 ant

159 466 270 539 opprimi
282 460 405 512 universis
414 460 612 515 Vitellianorum
628 461 724 508 uiribus
743 460 797 508 due
809 461 925 526 legiones
935 499 943 521 ,
953 465 1071 518 noudum

158 546 292 606 coniunew
309 535 412 584 Moesico
436 535 565 592 exercitu,
585 532 709 599 potudre,
732 546 776 582 aut
789 545 859 583 retro
875 548 952 592 actae,
971 538 1071 592 deserti

156 616 242 673 Imm,
255 623 354 674 turpem
366 605 452 671 fugam
465 608 654 656 conscivissent.
669 606 719 654 Sed
732 607 843 663 Caecina.
859 616 906 674 per
918 612 1003 661 'varias
1013 629 1070 665 mo-

156 709 211 749 m,
225 687 307 754 prima
329 681 445 730 hostibus
464 681 579 746 prodidit
597 692 713 747 tempora
729 681 808 749 belli,
828 681 890 731 dum
906 701 970 749 quos
990 689 1066 736 armis

153 764 247 833 pellere
262 765 411 825 promptum
430 768 502 812 erat,
520 755 636 820 epistolis
655 756 787 820 increpat,
804 755 886 805 donec
900 774 944 823 per
959 760 1067 810 nuntios

153 848 226 911 pm
237 831 348 901 perfidia
359 829 480 899 firmaret.
490 828 597 879 Interim
606 829 721 897 Aponius
732 831 883 900 Saturninus
894 847 949 879 cum
960 834 1066 899 legione

153 907 261 979 septimi
273 902 411 956 Claudiani
421 902 542 953 aduenit:
557 905 651 969 legioni
663 902 782 952 tribunus
795 905 932 970 Vipstanus
943 906 1065 958 Messalla

152 996 274 1057 praerat,
290 979 511 1043 olarisrnajoribus
518 1015 526 1040 ,
538 980 651 1046 egregins
662 979 734 1045 ip⁵²s
750 991 776 1029 ⁰²
787 981 911 1044 quisolus
920 979 956 1028 ‘ff
966 980 995 1030 ld
1004 983 1064 1031 bd·

65 1110 76 1117 ,
150 1064 204 1112 lum
216 1070 281 1109 artes
295 1055 376 1103 bonas
388 1054 524 1103 attulisset.
542 1055 595 1103 Has
609 1053 640 1102 ad
653 1053 755 1120 copias,
770 1070 930 1119 nequaquam
941 1055 1065 1105 Vitellia·

148 1137 189 1186 nis
199 1138 271 1201 pares
282 1129 392 1196 (quippe
405 1138 455 1175 tres
466 1126 550 1177 adhuc
560 1128 675 1193 legiones
688 1128 776 1196 erant)
789 1130 860 1178 misit
871 1130 992 1196 epistolas
1005 1131 1064 1179 Ca·

149 1211 207 1260 cina
218 1245 225 1268 ,
238 1203 420 1269 temeritatem
437 1203 510 1253 victa
525 1221 605 1255 arma
615 1207 810 1255 tractantium
829 1204 947 1251 incusans
962 1203 1063 1252 :simul

148 1284 233 1335 uirtus
248 1277 404 1329 Germanici
418 1269 551 1326 exercitiis
564 1275 682 1325 laudibus
694 1276 873 1334 attollebatur,
884 1275 986 1326 Vitellii
1003 1291 1062 1324 mo·

148 1352 219 1411 dini,
239 1361 265 1400 et
285 1348 381 1413 vulgisi
397 1347 543 1412 mentione,
555 1350 626 1398 nulls
645 1351 673 1398 in
691 1350 874 1417 Vespasianum
889 1348 1060 1398 consumetis:

146 1427 212 1479 nihil
225 1422 345 1492 prorsus,
356 1420 426 1486 quod
442 1432 488 1488 aut
497 1428 674 1491 corrumperet
686 1424 802 1489 hostem,
814 1437 858 1474 rut
869 1435 986 1475 terreret.
998 1423 1058 1472 Fls·

145 1504 276 1551 vianarum
285 1499 400 1562 partium
410 1494 486 1544 duces
496 1533 503 1554 ,
513 1497 606 1553 omissi
618 1498 711 1563 piloris
722 1499 828 1547 fortunae
837 1498 1001 1556 defensione,
1013 1512 1057 1561 prs

145 1573 301 1640 Vespasiano
312 1568 444 1633 magnifici
452 1605 460 1626 ,
467 1584 514 1633 pro
524 1569 733 1633 causifidentem'
742 1570 774 1618 de
784 1572 854 1619 exitu
862 1570 944 1619 securi
950 1569 998 1632 ,in
1009 1568 1058 1619 Vi·

144 1648 246 1699 tellium
256 1656 285 1693 ut
294 1642 606 1711 inimicum-asumptum
617 1642 682 1691 tarra
695 1644 804 1693 tribunis
812 1644 1057 1705 centurionibusque

145 1720 296 1781 retinendi,
308 1734 369 1788 quse
388 1712 516 1767 Vitellius
526 1714 704 1772 indulsisset,
714 1718 775 1778 spe:
787 1727 865 1778 atque
876 1717 963 1778 ipsum
975 1715 1058 1764 Caci·

144 1804 204 1845 utm
216 1811 267 1843 non
278 1788 383 1842 obscuris
392 1787 423 1837 ad
432 1786 607 1836 transitionem
614 1786 789 1837 hortabantur.
799 1789 920 1837 Recitata
929 1804 980 1853 pro
992 1805 1058 1838 con·

100 1912 105 1918 s
143 1869 216 1917 cione
227 1866 339 1934 epistolae
352 1861 471 1913 addidere
485 1859 602 1910 fiduciam
614 1896 621 1919 ,
634 1860 706 1926 qubd
717 1861 838 1910 submissi
850 1861 949 1910 Caecina
961 1896 970 1918 ,
981 1861 1056 1910 velat

144 1939 271 1990 offenders
281 1937 466 2002 Vespasianum
476 1934 569 1985 timem
575 1968 582 1992 ,
593 1935 707 2000 ipsorum
718 1933 795 1983 duces
804 1934 989 2000 contemptim,
1002 1945 1056 1983 tan·

143 2030 219 2082 qnam
230 2013 379 2062 insultantes
387 2009 507 2066 Vitellio,
520 2006 690 2073 scripsissent.

174 2091 209 2139 X.
229 2088 348 2139 Adserttu
362 2082 455 2132 deiude
466 2082 576 2131 duarum
589 2084 721 2148 legionum
730 2082 764 2150 ,d
774 2082 866 2148 quibus
881 2080 984 2130 tertiam
996 2077 1053 2126 Dil-

142 2163 192 2213 lius
211 2161 376 2227 Aponianus,
391 2167 508 2205 octarsm
527 2157 661 2219 Numisius
672 2159 759 2224 Lupus
774 2157 913 2217 ducebant,
925 2160 1051 2211 §stentare

142 2240 225 2288 vires.
239 2247 265 2283 et
275 2232 380 2280 militari
391 2232 459 2279 vallo
470 2234 598 2280 Veronam
614 2234 773 2282 circumdare
784 2233 886 2299 placuit.
900 2228 976 2280 Fort'e
989 2225 1051 2278 Gil-

141 2310 220 2361 biann
230 2304 322 2368 legioni
332 2303 358 2363 iu
368 2301 475 2350 adrersd
485 2305 570 2352 fronte
580 2304 642 2352 valli
651 2322 717 2369 spus
729 2316 851 2365 cesserat,
863 2316 888 2352 et
904 2304 951 2351 visi
962 2299 1050 2367 procul

137 2381 265 2444 ,ociorum
277 2370 389 2437 equites,
399 2390 490 2424 vanarn
499 2376 676 2437 formidinem,
688 2393 716 2426 ut
726 2378 822 2435 hostes,
832 2370 923 2426 fecere.
933 2376 1048 2441 Raptus·

110 2492 115 2501 ,
140 2466 180 2503 tur
192 2464 275 2511 arma,
285 2457 311 2494 et
321 2457 351 2495 ut
362 2443 512 2510 proditionis
520 2448 556 2493 irs
566 2447 680 2494 rnilitum
689 2449 718 2496 in
727 2451 758 2496 T.
770 2447 893 2514 Ampium
900 2449 1049 2498 Flavianum

64 2536 73 2544 '
141 2524 271 2585 incubuit,
289 2520 360 2568 nullo
378 2517 490 2566 criminis
508 2529 678 2583 argumento,
693 2520 739 2568 sed
752 2521 802 2585 jam
818 2522 920 2587 pridem
939 2524 1048 2581 inrisus,

91 2589 94 2594 ¹
141 2600 243 2653 turbine
256 2593 364 2663 quodam
375 2591 407 2640 ad
415 2591 522 2639 exitium
535 2591 706 2656 poscebatur:
721 2598 921 2662 «propinquum
931 2598 1046 2656 Vitellii,

95 2722 102 2730 ,
143 2674 300 2746 proditorem
311 2669 432 2732 Othonis,
447 2668 643 2733 interceptorem
654 2662 793 2720 donativis>
808 2673 982 2721 clamitabant.
996 2673 1047 2721 lies

145 2738 287 2802 defensioni
297 2749 368 2797 locus
375 2782 384 2809 ‚
391 2749 535 2808 quanquam
544 2742 670 2808 supplices
679 2761 769 2795 manus
775 2746 901 2817 tenderet,
911 2746 984 2795 humi
993 2748 1047 2812 ple·

145 2840 255 2888 rumque
266 2833 370 2884 atratus,
382 2817 463 2868 lateri
471 2831 554 2876 veste,
569 2829 657 2883 pectus
667 2830 741 2884 atque
749 2838 793 2870 ora
803 2820 910 2885 singultu
918 2822 1047 2881 quatiens:

146 2899 174 2949 ld
184 2901 266 2963 ipsum
278 2897 346 2964 apud
358 2895 468 2958 infensos
477 2897 668 2945 incitamentum
681 2907 749 2959 erat,
762 2909 875 2961 tanquam
891 2892 988 2949 nimius
1001 2913 1050 2961 pa·

145 2986 192 3019 vor
203 2971 385 3018 conscientiam
398 2979 520 3034 argueret.
535 2966 726 3017 obturbabatur
736 2971 848 3020 militum
857 2966 961 3012 vocibus
972 2967 1047 3033 Apo·
1111 2990 1112 3027 i

145 3045 203 3092 nius
214 3077 221 3099 ‚
232 3057 310 3105 quum
325 3043 395 3106 loqui
405 3053 525 3108 coaptaret
536 3058 542 3089 :
554 3041 656 3090 fremitu
667 3053 694 3092 et
710 3042 817 3092 clamore
831 3050 926 3095 ceteros
943 3039 1049 3107 adapes.
1111 3062 1112 3079 r

146 3124 239 3163 uantur
251 3131 256 3160 :
268 3115 311 3160 uni
327 3112 440 3163 Antonio
452 3126 541 3181 apertae
553 3115 663 3162 militum
676 3131 747 3163 aures
757 3132 763 3163 :
774 3127 880 3175 namque
891 3124 917 3161 et
930 3112 1047 3162 facundia

147 3187 234 3236 aderat
243 3221 249 3244 ,
258 3185 437 3250 mulcendique
448 3191 552 3255 vulgum
564 3199 641 3247 artes,
654 3201 679 3235 et
688 3190 830 3236 auctoritas.
841 3186 891 3235 Ubi
900 3187 1046 3237 crudescere

146 3259 236 3310 seditio
245 3296 251 3316 ,
260 3272 285 3307 et
293 3259 440 3313 is'conviciis
448 3273 474 3308 et
483 3263 597 3328 probris,
608 3261 643 3308 ad
652 3263 699 3309 tela
706 3275 732 3311 et
741 3279 829 3310 uranus
839 3262 979 3310 transibant
990 3268 1045 3317 ‚irt-

137 3334 196 3401 jict'
205 3333 446 3382 catenasFlaviauu
456 3335 534 3397 jubet.
545 3336 629 3384 Sensit
638 3334 776 3384 ludibrium
787 3336 870 3394 miles,
877 3335 1044 3399 disiectisque,

143 3405 190 3464 qui
202 3403 311 3453 tribunal
325 3403 479 3467 tuebantur,
490 3410 650 3459 entremenis
662 3409 805 3476 parabatur.
823 3411 949 3476 Opposuit
961 3409 1045 3459 sinum
