2234 3817
280 316 290 327 ὁ
350 261 594 308 srsrosrsauu
614 262 684 306 ars.
707 258 735 304 e.
949 242 1003 322 idq

78 349 155 416 rique
175 350 272 400 circum
288 345 389 397 brachia
406 345 463 399 torti
482 358 572 410 veste,
593 360 619 398 et
633 348 730 398 strictis
747 339 912 396 mucronibus
925 363 932 396 a
946 338 999 395 dua

48 431 53 436 “
81 426 271 483 semisomnus,
286 440 316 472 ae
325 421 406 490 prope
418 424 543 486 intectus,
557 438 643 474 errore
654 422 768 472 bostium
779 428 900 472 aaronis.
915 421 999 470 Nam-

79 515 132 566 que
147 498 290 565 praetoriam
304 513 395 547 navem
407 499 518 559 ,vexillo
530 497 673 564 insignem,
685 498 738 547 illic
748 497 839 547 ducem
848 495 915 556 reti,
928 495 999 542 abri-

81 576 175 642 piunt.'
188 574 294 623 Cerialis
311 572 372 622 alibi
385 585 488 624 noctem
508 585 610 639 eger-tt,
626 585 659 623 ut
670 573 784 640 plerique
801 569 947 630 credidere,
963 568 1001 618 ob

82 657 203 712 stuprum
216 646 326 696 Claudia
334 646 439 697 Sacratae
447 684 455 708 ,
467 648 583 698 mulieris
593 646 682 696 Ubiae:
693 648 782 713 vigiles
790 646 913 712 flagitium
923 658 999 692 suum

83 717 157 768 ducis
178 718 303 768 dedecore
317 720 487 780 excusabant,
499 731 620 786 tanquam
637 720 723 785 «jussi
738 721 872 777 silere,1re
884 718 999 783 quietem

68 793 139 858 ,ejus
153 791 306 841 turbarent:
318 793 352 855 ita
373 794 518 844 intermisso
535 795 608 860 signo
618 831 625 853 ,
637 793 798 854 atrocibus,
809 808 836 842 se
853 806 953 856 querare
970 790 998 840 in

55 895 65 915 .
83 881 205 915 somnum
221 867 307 931 lapsos
317 883 342 915 u.
357 866 439 921 Multi
452 868 509 916 luce
526 870 622 918 revecti
639 862 739 929 hostes,
754 866 861 931 captivis
873 863 998 923 naribus,

68 940 229 1007 'pratariam
241 943 383 1000 triremem,
396 941 504 990 flumine
515 942 614 1008 Luppis
627 942 725 992 donum
738 939 841 992 Veleda
855 937 962 986 traxere.

117 1013 223 1064 XXlll.
241 1014 351 1075 Civilem
372 1014 466 1080 cupido
487 1015 591 1065 incessit
607 1017 724 1066 navalem
741 1015 823 1063 aciem
841 1007 997 1061 ostentandi·

82 1086 206 1153 Complet
214 1087 440 1153 quod'biremium,
449 1105 552 1155 quaeque
563 1089 675 1155 simplici
683 1089 773 1138 ordine
780 1087 929 1153 agebantur⁴
941 1082 998 1133 Aa>

62 1210 68 1215 ,
80 1159 149 1226 jecta
158 1161 247 1227 ingens
257 1161 373 1212 lintrium
383 1163 424 1213 ris
434 1180 440 1211 ι
452 1163 563 1211 tricenos
574 1161 796 1228 quadragenosque
808 1160 873 1209 ferre
885 1168 998 1217 armatos

82 1236 228 1286 Liburnicae
246 1239 340 1304 solita3
356 1250 383 1288 et
399 1239 476 1288 simul
494 1249 573 1304 capta
589 1239 679 1288 lintres
691 1239 784 1303 sagulis
799 1234 998 1286 versicoloribus

85 1307 155 1358 haud
164 1309 283 1363 indecore
292 1328 340 1378 pro
353 1312 416 1362 velis
427 1312 590 1378 juvabantur.
605 1313 721 1379 Spatium
734 1313 803 1360 velut
814 1307 918 1374 aquosis
928 1307 999 1356 elec·

83 1389 159 1444 tum,
170 1392 221 1448 quo
236 1385 314 1435 Mosae
327 1387 484 1437 fluminisos
501 1403 602 1436 amnem
620 1387 738 1436 Rhenum
754 1386 856 1434 Oceano
868 1377 996 1430 mlundit.

86 1457 169 1507 Causa
179 1459 332 1510 instruenda
347 1460 450 1524 classis,
464 1474 540 1527 super
557 1462 659 1511 insitam
670 1458 741 1526 genti
757 1458 911 1514 vanitatem,
922 1465 951 1504 ut
964 1460 999 1502 eo

81 1540 182 1585 terrore
194 1545 353 1595 commeatus
363 1533 445 1583 Gallia
454 1532 620 1583 adventantes
631 1534 820 1600 interciperent.
833 1528 939 1579 Cerialis
948 1528 997 1578 mi·

36 1640 38 1645 -
80 1605 173 1661 raoulo
188 1607 285 1671 magis,
304 1605 380 1672 quim
396 1617 482 1667 metu,
498 1606 725 1671 direxitclsss'em,
736 1621 846 1655 numero
857 1603 996 1668 imparem,

80 1681 276 1745 transmigrem,
287 1682 485 1747 gubernatorum
493 1693 556 1737 arte,
566 1684 670 1728 nemum
676 1677 852 1744 magnitudine
859 1676 998 1741 potiorem«

80 1751 134 1802 His
142 1753 237 1802 flumen
247 1755 401 1814 secundum,
412 1755 451 1804 illi
460 1762 540 1802 vento
550 1753 696 1814 agebantur.
706 1753 747 1802 Sic
756 1752 887 1817 praevecti,
898 1763 998 1801 tentato

83 1825 196 1875 telorum
208 1828 291 1890 jactu,
303 1828 467 1873 dirimuntur.
482 1821 573 1864 Civilis
583 1820 648 1867 nihil
658 1822 725 1868 ultrit
737 1841 826 1881 ausus,
841 1835 911 1872 trans
922 1824 995 1874 llbe-

36 1933 39 1943 ,
84 1912 152 1947 uum
160 1890 413 2016 eoncessitferialis
423 1889 534 1938 insulam
544 1888 699 1940 Batavorum
710 1891 838 1946 hostiliter
848 1897 999 1963 populatus,

87 1984 162 2034 agros
172 1968 292 2032 villasque
324 1963 391 2015 ivilis
402 1963 526 2019 intratos,
538 1960 600 2010 uoti
609 1974 662 2012 arte
672 1962 779 2028 ducum,
793 1969 904 2022 sinebat:
914 1984 995 2033 quum

89 2040 208 2099 interim,
219 2042 287 2090 flexu
297 2038 426 2096 autumni,
440 2046 467 2085 et
479 2035 573 2086 crebris
584 2037 737 2102 pluvialibus
749 2041 891 2106 imbribus,
901 2058 994 2109 super-

85 2111 159 2165 fusus
176 2114 273 2173 amnis,
289 2113 430 2178 palustrem
442 2107 616 2175 humilemque
635 2111 743 2162 insulam
759 2113 891 2163 infaciem
911 2117 994 2181 stagni

85 2186 202 2255 opplevit
213 2203 218 2234 :
228 2202 275 2236 nec
283 2185 382 2251 elassis,
391 2196 435 2242 aut
443 2194 602 2234 commeatus
610 2181 729 2234 aderant:
741 2198 872 2252 castraque
880 2188 907 2237 in
914 2190 994 2257 plano

84 2260 150 2318 sita«,
162 2260 188 2327 ri
202 2258 315 2309 fluminis
326 2256 516 2308 differebantur.

117 2331 219 2385 XXIV.
234 2333 372 2383 «Potuisse
383 2342 445 2383 tunc
456 2329 568 2399 opprimi
580 2330 708 2397 legiones,
720 2342 747 2380 et
758 2333 870 2385 voluisse
881 2335 992 2387 Germa·

84 2421 135 2456 nos
143 2443 152 2468 ,
170 2406 214 2457 sed
227 2405 287 2455 dolo
302 2405 317 2454 'a
333 2407 476 2456 se-ssexosu
494 2406 630 2472 imputavit
648 2405 748 2456 Civilis.
764 2407 855 2474 Neque
873 2410 993 2464 abhorret

83 2496 161 2544 vero,
173 2479 274 2546 quando
286 2481 372 2548 paucis
385 2480 444 2547 pbst
460 2480 548 2530 diebus
565 2479 662 2529 deditio
672 2481 786 2531 insecuta
796 2494 844 2533 est.
862 2485 927 2534 Nam
942 2487 991 2537 (ie-
1038 2509 1041 2516 ·

70 2553 157 2613 ,rialis
163 2589 173 2618 ‚
187 2571 233 2620 per
250 2555 364 2603 oeeultos
375 2555 494 2620 nuntios,
513 2553 638 2603 «Batavis
653 2570 760 2621 pacem,
777 2556 852 2606 Civili
864 2559 992 2610 veniamu·

84 2638 228 2691 ostentans,
241 2626 380 2691 Veledam,
392 2626 599 2693 prophtquosqne
609 2630 736 2689 monebat,
748 2627 899 2679 «fortunam
910 2630 990 2694 belli,

82 2712 126 2753 tot
136 2701 250 2751 cladibus
261 2699 392 2750 adversam
398 2736 405 2760 ,
422 2708 568 2766 opportuno
578 2714 635 2764 erga
644 2702 771 2766 populum
783 2705 993 2778 Romanunm.

57 2823 60 2826 ,
83 2779 135 2828 rito
151 2790 259 2828 mutare.
273 2778 356 2826 Caesus
373 2777 514 2833 Treveros,
526 2786 643 2841 receptos
657 2776 752 2837 Ubios,
765 2791 877 2846 ereptam
888 2780 991 2832 Batavis
1030 2826 1033 2827 γ

83 2850 192 2918 patriam
204 2852 306 2916 :neque
319 2849 389 2899 aliud
405 2848 494 2900 Civilis
505 2848 617 2899 amicitis
629 2862 762 2916 paratum,
777 2852 854 2917 quim
866 2854 989 2915 vulnera,

79 2924 155 2992 fugas
163 2960 170 2985 ,
179 2926 264 2975 luctus
275 2941 281 2974 s
293 2923 407 2972 exsulem
416 2939 475 2974 eum
485 2932 512 2970 et
521 2933 660 2999 eumaem,
672 2925 853 2993 recipientibus
861 2927 933 2976 oneri
945 2947 951 2977 z
963 2941 990 2981 et

81 3000 145 3048 saus
159 2998 316 3065 peccavisse,
328 2995 398 3063 quaid
413 2998 506 3051 totiens
517 2996 638 3048 Rhenum
656 2998 857 3051 transcenderint
870 3017 876 3049 ε
894 3002 989 3065 siquid

79 3070 151 3122 ultrl
167 3073 320 3132 moliantur,
336 3068 395 3121 inde
417 3068 537 3134 inituiam
556 3085 583 3126 et
599 3074 701 3143 culpam
711 3111 718 3136 ,
738 3073 798 3124 hine
818 3075 944 3126 ultionem
962 3088 988 3132 et

78 3144 142 3197 deos
158 3142 247 3197 lorea.
274 3162 279 3171 ¹

111 3217 205 3269 XXV.
221 3218 397 3270 Miscebantur
407 3219 484 3268 minis
491 3221 624 3286 promissa.
634 3221 668 3288 iit
683 3219 805 3272 concussi
812 3220 988 3278 Transrhena-

77 3308 175 3344 norum
187 3291 253 3357 fide,
269 3296 335 3344 inter
349 3294 457 3343 Batavos
473 3309 575 3360 quoque
585 3310 713 3346 sermones
724 3297 773 3346 orti
784 3315 790 3345 :
803 3297 884 3346 «Non
893 3315 986 3364 proro-

78 3366 191 3435 gandam
201 3366 267 3417 uitri
277 3369 377 3418 ruinam
387 3385 395 3434 3
407 3383 454 3419 nec
463 3384 537 3435 posse
547 3368 578 3417 sb
589 3367 639 3418 uni
649 3368 751 3420 natione
763 3372 841 3421 totius
852 3373 921 3422 orbis
930 3389 986 3423 ser·

79 3445 176 3495 vitium
187 3442 297 3519 depelli:
314 3443 377 3510 quid
387 3443 526 3512 perfeetum
534 3443 600 3497 eade
612 3457 638 3498 et
649 3448 771 3500 incendiis
781 3452 924 3517 legionum,
935 3454 986 3505 nisi

79 3524 110 3586 ‚ut
120 3515 208 3587 plures
218 3514 402 3593 solidioraque
413 3517 575 3599 sanentur?
590 3519 620 3590 Si
630 3521 787 3595 Vespasiano
796 3524 893 3581 tahon
902 3542 985 3587 aava,
