2234 3817
340 202 726 242 tttstonranuurtru.1v.
832 188 834 197 ¹
938 194 987 244 415

81 286 212 355 ingenium
221 286 320 335 illustre
329 286 459 335 altioribus
467 286 559 336 studiis
567 288 665 350 juvenis
676 286 814 335 admodum
825 285 895 336 dedit
906 306 911 336 ι
922 306 988 350 non,

80 378 112 412 ιιι
129 363 256 427 plerique,
275 371 304 408 ut
317 363 420 409 nomine
435 362 568 425 magnifico
582 378 656 426 segne
668 363 748 410 otium
764 361 869 421 velaret,
887 363 929 409 sed
940 364 991 426 qud

82 436 182 505 firmior
195 433 314 482 adversus
327 434 443 494 fortuita,
458 436 643 500 rempublicam
654 445 811 500 capesseret:
826 433 944 484 doctores
955 452 993 483 sa.

81 509 186 574 pientiae
198 504 299 569 secutus
309 520 363 567 est,
378 510 423 571 qui
437 506 488 556 sola
501 510 582 568 bona,
599 526 653 573 quae
664 508 785 566 honesta,
798 508 864 554 mala
878 507 992 567 tantiam,

84 597 142 649 quae
157 582 238 646 turpia
253 597 258 628 :
272 581 428 646 potentiam,
444 583 618 642 nobilitatem,
636 594 767 646 ceteraque
780 593 849 629 extra
864 583 991 640 animum,
1061 626 1070 637 ,

85 670 169 716 neque
190 654 277 714 bouis,
298 668 380 717 neque
400 654 472 702 malis
489 655 666 703 adnumerant.
685 654 842 714 eraestorius
861 655 958 714 adhuc,
978 654 993 702 a

85 729 153 776 Pnto
165 725 279 776 Thrasea
292 742 369 792 gener
382 726 505 788 delectus,
519 728 532 776 ὲ
544 729 658 777 moribus
669 728 750 775 soceri
762 727 822 775 nibil
838 730 905 791 aque
917 746 946 777 ac
957 729 994 777 ti-

84 801 211 850 bertatem
223 801 306 849 bausit
317 818 322 849 :
334 800 411 860 ciris,
424 813 535 861 senator,
547 802 666 856 maritus,
677 815 766 862 gener,
776 800 885 860 amicus,
896 802 993 852 cunctis

85 876 142 931 ritae
154 874 243 921 officiis
261 874 398 937 aequabilis,
416 891 495 940 opum
513 885 687 938 contemptor,
699 873 760 920 recti
771 866 902 938 pervicax,
915 893 992 924 cona·
1014 901 1019 907 »

85 961 141 998 taus
156 946 279 995 adversus
289 958 378 997 metus.
871 944 873 949 ’

118 1021 163 1069 VI.
179 1019 267 1080 Erant,
286 1017 377 1080 quibus
391 1020 552 1084 appetentior
563 1016 633 1067 fama
644 1016 789 1080 videretur,
799 1018 900 1083 quando
914 1019 992 1067 etiam

85 1094 243 1160 sapientibus
261 1091 356 1156 cupido
375 1094 458 1158 gloria
475 1094 614 1142 norissima
631 1094 753 1141 exsuitnr.
771 1090 852 1140 Ruina
869 1094 949 1140 soceri
965 1094 993 1141 iu

83 1165 302 1232 exsiliumpulsus.
310 1176 349 1223 ut,
358 1166 444 1214 Galbae
449 1166 602 1232 principatu,
614 1164 701 1225 rediit,
717 1166 866 1213 Marcellum
876 1166 993 1230 Eprium,

87 1241 226 1303 delatorem
245 1238 373 1300 Thrasea,
395 1245 512 1288 accusare
527 1239 681 1304 adgreditur.
701 1243 737 1290 Ea
755 1242 835 1296 ultio,
854 1241 993 1299 incertum,

34 1354 40 1372 ,
89 1314 168 1378 major
184 1332 217 1365 au
234 1313 339 1376 justior,
354 1326 469 1362 senatum
483 1315 509 1362 iu
522 1314 605 1361 studia
624 1314 766 1365 diduxerat.
781 1315 846 1363 Nam
859 1314 880 1361 si
895 1313 995 1362 caderet

87 1389 234 1445 Marcellus,
250 1402 339 1452 agmen
351 1404 452 1436 reorum
469 1389 634 1437 sternebatur.
648 1389 735 1438 Primo
747 1390 833 1437 minax
848 1397 994 1448 certamen,

16 1496 17 1522 3
90 1475 115 1510 et
124 1463 226 1525 egregiis
239 1462 369 1526 utriusque
378 1461 536 1525 orationibus
549 1473 679 1511 testatum.
689 1465 765 1525 Mox,
777 1462 854 1513 dubit
865 1461 996 1508 roluntate

91 1536 188 1594 Galbae,
199 1536 289 1589 multis
298 1548 446 1585 senatorum
461 1535 670 1602 deprecantibus,
684 1539 770 1584 omisit
779 1537 892 1601 Priscus,
908 1536 995 1592 trariis,

16 1666 17 1669 Ἰ
89 1623 118 1659 ut
132 1622 189 1659 sunt
204 1608 339 1665 bominum
353 1610 470 1673 ingenia,
482 1609 660 1665 sermonibus,
673 1609 872 1657 moderationem
886 1607 994 1655 laudun-

86 1688 167 1743 tium,
179 1694 222 1731 ant
239 1683 408 1729 constantiam
424 1684 619 1747 requirentium.
640 1684 760 1732 Cetei-iam
777 1700 807 1731 eo
822 1679 921 1731 senarias
938 1679 996 1738 die,

18 1808 22 1817 ‚
84 1777 136 1825 quo
148 1758 180 1809 de
190 1758 304 1826 imperio
315 1750 484 1824 Vespasiani
491 1759 637 1813 censebant,
650 1758 779 1819 placuerat
790 1760 863 1805 mitti
872 1756 995 1823 adprisi-

87 1826 172 1903 or'peni
184 1831 301 1900 legatos.
321 1831 388 1876 Hinc
405 1832 472 1874 inter
489 1828 639 1873 Helvidium
648 1839 674 1873 ct
688 1829 793 1891 Eprium
805 1845 861 1873 acre
875 1828 992 1889 iurgium.

16 1940 20 1967 γ
85 1907 188 1956 Priscus
201 1906 266 1972 eligi
281 1900 444 1966 nontinab'm
462 1897 480 1947 d
496 1899 707 1966 rnog'islratibus
714 1902 839 1968 juratis,·
860 1901 995 1949 Marcellus

16 2014 17 2017 =
88 1995 191 2033 urnam
203 1978 359 2041 postulabat,
369 1989 424 2036 qnae
438 1973 549 2019 consulis
560 1970 684 2034 designati
697 1976 820 2020 sententia
833 1974 923 2021 iuerat.

23 2074 25 2081 ·
97 2094 101 2109 ,
120 2050 182 2102 Vll.
197 2051 245 2099 Sed
257 2050 372 2101 Marcelli
383 2045 628 2111 studiumprop‘rins
639 2046 718 2094 rubor
730 2047 867 2105 excitabat,
882 2060 926 2105 ne,
937 2047 992 2105 aliis

88 2116 189 2184 electis,
200 2125 357 2192 posthabitus
365 2120 521 2172 crederetur.
533 2117 724 2185 Paulatimque,
735 2136 780 2184 per
788 2120 993 2182 altercationem,

88 2199 122 2249 ad
135 2196 267 2249 continuas
280 2212 305 2248 et
319 2196 421 2247 infestas
433 2198 562 2245 orationes
576 2195 689 2260 provecti
700 2206 759 2246 sunt
767 2231 774 2253 ,
787 2203 910 2259 quaerente
927 2192 994 2241 Hel-

88 2271 174 2329 vidio,
193 2288 208 2319 rr
217 2271 277 2335 quid
292 2273 327 2320 ita
339 2271 475 2335 Marcellus
487 2267 611 2330 indicium
624 2269 815 2333 magistratuum
827 2262 994 2333 pavesceret?

88 2361 144 2394 esse
155 2346 190 2392 illi
202 2346 348 2409 pecuniam,
360 2355 385 2392 et
394 2343 579 2407 eloquentiam,
589 2340 653 2405 quis.
659 2342 754 2390 multos
767 2341 887 2398 anteiret,
897 2339 923 2387 ui
935 2352 993 2386 ure-

16 2478 18 2481 ,
87 2416 169 2467 morit
182 2418 333 2485 flagitiorum
349 2428 490 2481 urgeretur.
504 2416 576 2464 Sorte
589 2426 614 2463 et
633 2413 694 2462 urna
708 2431 791 2463 mores
802 2430 854 2462 non
867 2412 993 2463 discerni:

85 2492 203 2556 suffragia
213 2503 239 2539 et
251 2492 464 2539 existimationem
476 2487 703 2553 senatrlsrepcrta,
715 2496 744 2536 ut
754 2487 779 2535 in
787 2486 907 2550 cujusque
914 2487 993 2531 vitam

84 2566 233 2629 {amaraque
244 2576 405 2629 penetrarent
416 2581 421 2613 :
432 2565 560 2629 pertinere
573 2562 605 2609 ad
615 2563 752 2610 utilitatem
764 2561 922 2624 reipublice,
933 2573 993 2620 per-

86 2641 171 2690 tinere
180 2636 213 2684 ad
224 2636 372 2701 Vespasiani
384 2637 519 2694 bonorem,
531 2650 664 2683 occurrere
679 2635 714 2679 illi
722 2649 804 2700 ,quos
815 2630 996 2678 innocentissi-

87 2726 146 2761 mos
163 2720 262 2756 senatus
275 2707 378 2766 habear,
392 2711 436 2774 qui
448 2709 559 2757 borrestis
577 2705 735 2753 sermonibus
750 2719 822 2750 aures
833 2701 993 2767 imperatoris

87 2784 216 2833 imbuant.
234 2783 321 2831 Fuisse
340 2784 495 2849 Vespasiano
511 2781 649 2829 amicitiam
667 2793 726 2826 cum
742 2777 866 2837 Thrasea,
881 2777 993 2837 Sorano,

84 2858 193 2907 Sentio:
206 2873 314 2920 quorum
329 2868 499 2915 accusatores,
519 2855 619 2903 etiamsi
631 2851 717 2919 puniri
733 2869 785 2900 nou
799 2849 929 2915 oporteat,
947 2863 993 2894 os-
1022 2900 1024 2905 ,

86 2934 182 2981 tentari
194 2949 245 2978 non
257 2930 349 2980 debere
363 2950 368 2979 r
384 2930 433 2980 boc
445 2928 545 2979 senarias
558 2928 654 2991 judicio
668 2927 736 2976 relut
751 2920 994 2989 admoneri'princi-

84 3025 146 3073 pem
156 3042 163 3062 ,
174 3020 236 3068 quos
248 3006 354 3069 probet,
364 3022 427 3069 quos
438 3003 587 3057 reformidet
598 3021 603 3050 :
616 3002 716 3050 nullum
731 3000 811 3062 majus
821 3000 880 3047 boui
892 2995 993 3063 imperii
1034 3062 1036 3065 Ι

86 3085 301 3138 instrumentum,
314 3079 391 3142 quim
411 3080 491 3127 bonos
510 3078 603 3129 amicos
621 3092 685 3124 esse.
700 3078 765 3124 Satis
777 3074 913 3134 Marcello,
925 3070 995 3136 quiid

84 3156 215 3206 Neronem
230 3153 255 3199 in
270 3153 380 3200 exitium
393 3164 431 3200 tot
444 3152 617 3200 innocentium
631 3149 917 3215 impuleritbrueretnr
930 3160 994 3211 prae-

83 3230 145 3279 miis
156 3239 181 3275 et
191 3224 345 3289 impunitate
356 3246 363 3287 ς
375 3225 557 3289 Vespasianum
569 3221 716 3270 melioribus
729 3221 915 3283 relinqueret».

117 3301 191 3352 vtlt.
210 3299 364 3359 Marcellus,
378 3302 533 3345 «non‘auam
543 3295 695 3349 sententiam
708 3295 862 3360 impugnari,
875 3291 919 3339 sed
931 3308 993 3340 cou-

81 3376 166 3428 sulem
173 3373 335 3435 designatum
344 3373 489 3422 censuisse»
498 3370 607 3427 dicebat,
616 3368 770 3417 «secuudum
777 3380 860 3414 vetera
868 3366 992 3430 exempla,

81 3467 136 3517 quaa
145 3457 245 3501 sortem
255 3445 424 3535 letatiouibus
436 3446 593 3514 posuissent,
608 3460 640 3497 ne
650 3443 786 3496 ambitioni
801 3440 993 3563 antdnlmlcmll
