2234 3817
353 145 530 188 arnssrrsr
552 151 617 189 ars.
635 153 717 194 mr.
828 123 832 128 ’
939 143 985 197 ι85

79 234 169 287 Etiam
183 232 211 283 C.
226 227 331 281 caesui·
347 228 450 282 turbata
463 241 535 279 meus
546 232 599 282 vim
611 231 711 283 dicendi
727 252 780 286 non
793 239 916 306 corrupit.
932 237 989 288 Nec
1051 236 1059 240 ’

55 302 68 310 ’
81 310 111 359 in
124 306 247 361 Claudio,
259 303 378 367 quotiens
387 301 508 351 meditata
520 303 665 367 dissereret,
678 310 828 374 elegantiam
839 314 989 376 requireres·
1026 319 1029 322 '

82 380 156 432 Nero
166 376 311 445 puerilibus
322 376 409 423 statim
419 375 506 434 annis,
516 376 631 427 viridum
644 381 756 430 animum
768 384 795 431 in
807 384 857 433 alia
867 384 989 434 detorsit:

83 456 170 503 celare
184 487 190 509 ,
201 452 324 515 pingere,
337 457 426 494 cantus
439 458 483 495 aut
495 449 607 513 regimen
617 468 740 516 equorum
756 472 888 506 exercerc:
902 471 928 507 er
941 458 992 505 ali-

81 528 186 593 quando
197 524 353 576 carminibus
361 521 515 588 pangendis,
526 527 608 574 iaesse
621 528 670 576 sibi
681 530 805 581 elementa
816 530 937 582 doctrina
946 549 993 582 os·

86 600 220 649 tendebat.

121 674 172 725 Ν.
181 668 299 721 Ceterum
308 668 418 734 peractis
431 668 537 718 tristitias
548 671 726 736 imitamentis,
741 677 836 728 curiam
850 680 993 745 ingressus,
1029 705 1035 710 ¹

89 761 120 799 et
129 748 183 796 ‹tde
191 745 460 806 anctoritatepstrum‚
470 753 495 789 et
503 757 627 794 consensu
639 748 749 797 militum
756 768 769 796 n
780 749 906 815 praelatam,
916 771 929 800 c<
936 768 996 800 cou-

88 825 147 875 silia
155 816 359 881 sibietexempla
365 814 512 881 capessendi
520 818 618 883 egregii
626 822 918 891 imperiinmemorsrit3
929 840 996 874 «nec

87 898 221 962 juventam
237 891 314 937 armis
329 889 460 947 civilibus,
478 900 521 937 ant
538 890 687 942 domesticis
706 894 838 945 discordiis
856 898 994 946 imbutam:

89 970 160 1020 nulla
169 966 228 1014 odia
237 1000 244 1022 ,
253 962 336 1011 nullas
348 961 515 1023 injurias,nec
525 963 671 1029 cupidinem
680 967 786 1015 ultionis
794 967 999 1018 adferremTum

90 1038 287 1092 sorinamiutnri
296 1036 455 1103 principalius
463 1038 628 1103 prescripsit,
640 1056 669 1087 ea
676 1041 784 1091 maximi
792 1040 930 1101 declinans,
938 1061 999 1108 quo·

92 1132 148 1165 rum
156 1128 246 1161 recens
256 1110 377 1174 flagrabat
387 1108 493 1157 inri‘dia.
505 1109 585 1157 «Non
596 1112 664 1159 enirn
679 1127 706 1159 se
714 1114 874 1175 negotiorum
884 1116 999 1164 omnium

92 1188 204 1255 judicem
213 1186 282 1241 lore,
294 1195 323 1233 ut
331 1183 423 1231 clausis
430 1198 507 1230 unam
518 1182 585 1230 iutra
595 1182 698 1233 domum
707 1189 998 1249 accusatoribusetreis,

92 1269 234 1321 paucorum
248 1249 362 1315 potentia
373 1258 539 1312 grassaretur.
557 1248 627 1296 Nihil
643 1251 667 1297 in
680 1253 815 1316 penatibus
822 1256 879 1302 suis
895 1254 998 1312 venale,

88 1329 140 1378 aut
153 1325 286 1376 ambitioni
297 1322 411 1389 persium
423 1340 428 1370 ι
441 1320 577 1370 discretam
590 1320 695 1373 domum
706 1338 732 1375 et
742 1326 931 1391 rempublicam.
942 1324 1000 1373 *Te-

92 1411 166 1452 neret
187 1399 288 1461 antiqua
312 1397 397 1444 munis
415 1407 535 1443 senatus:
550 1398 684 1450 consulum
699 1400 867 1448 tribunalibus
883 1399 956 1447 ltalia
974 1409 1001 1448 et

91 1472 201 1539 publicae
210 1469 345 1535 provincia
357 1466 516 1515 adsisterent.
529 1463 572 1513 Illi
581 1463 791 1532 patrum'aditum
802 1472 958 1537 praeberent:
973 1486 1000 1518 se

96 1545 225 1596 mandatis
236 1542 387 1591 exercitibus
396 1542 572 1591 consulturum
580 1559 603 1591 s.

125 1620 157 1666 V.
173 1618 228 1667 Neo
240 1615 319 1664 delcit
327 1614 398 1663 fides.
411 1613 543 1684 Multaque
553 1617 657 1668 arbitrio
666 1608 767 1671 senatds
778 1622 914 1671 constituta
924 1629 998 1667 sunt:

92 1694 216 1756 «Neqnis
225 1692 256 1738 ad
265 1706 365 1738 oausam
374 1689 495 1739 orandum
503 1692 620 1740 mercede
628 1706 671 1742 aut
679 1695 753 1745 donis
762 1709 898 1745 emeretur.
908 1693 948 1743 Ne
959 1693 1002 1741 de·

92 1767 199 1831 signatis
207 1763 312 1829 quidem
325 1764 490 1828 questoribus
500 1763 896 1837 edendixgladiatoreinecessitas
904 1778 999 1816 esset».

93 1838 170 1900 Quod
179 1836 281 1902 quidem
294 1836 444 1884 adversante
454 1836 590 1901 Agrippias
596 1875 604 1897 ,
618 1850 757 1904 «tanquam
766 1853 820 1892 scta
831 1838 929 1888 Claudii
937 1838 1001 1886 suls-

97 1924 277 1960 verterentur»
287 1947 294 1968 ,
306 1911 439 1958 obtinuere
453 1921 552 1976 patres:
563 1912 606 1974 qui
618 1913 643 1962 in
654 1912 775 1977 palatium
788 1916 821 1962 ob
834 1912 860 1961 id
872 1913 1001 1969 uocaban-

97 1996 156 2043 tur,
168 1995 198 2032 nt
210 1984 318 2032 adstaret
328 1982 420 2032 abditis
429 1983 443 2031 i
454 1995 524 2047 tergo
534 1983 631 2032 foribus
645 1987 700 2034 velo
710 1987 817 2035 discrete
825 2023 832 2045 ,
840 1985 910 2049 qnod
918 1986 1000 2033 visum

95 2070 197 2111 arceret
206 2095 213 2115 ,
222 2059 320 2107 auditus
331 2075 383 2107 non
391 2056 523 2109 adimeret.
533 2059 601 2118 Quin
610 2071 636 2105 et
646 2060 732 2123 legatis
737 2060 928 2120 Armeniorum,
940 2075 1001 2108 cau-

93 2150 149 2185 sam
159 2134 239 2198 gentis
249 2131 313 2199 apud
321 2132 451 2182 Neronem
463 2132 594 2179 orantibus
602 2167 608 2184 .
617 2131 751 2182 escendere
760 2143 904 2199 suggestum
916 2133 1000 2196 impe-

93 2209 204 2268 ratoris,
220 2220 245 2255 et
260 2207 393 2272 presidere
405 2207 481 2255 simul
492 2207 614 2271 parabat,
626 2207 674 2255 nisi
691 2211 780 2258 ceteris
791 2223 884 2274 pavore
896 2204 999 2268 defixis,

93 2280 189 2329 Seneca
197 2279 378 2334 admonuisset.
390 2281 524 2329 «venienti
532 2282 608 2331 matri
617 2294 788 2335 occurreret».
798 2284 838 2331 Ita
848 2281 933 2349 specie
943 2281 999 2345 pis·

95 2353 171 2413 tatis,
184 2355 283 2403 obviarn
296 2355 361 2401 itum
369 2352 498 2402 dedecori.
685 2405 691 2417 ,

127 2430 174 2478 VI.
182 2427 247 2477 Fine
257 2428 332 2489 anni,
345 2426 454 2475 turbidis
467 2430 627 2486 rumoribus,
643 2430 811 2497 uprorupisse
821 2427 922 2477 rursiriu
935 2425 999 2474 Par·
1043 2422 1052 2440 ⁸

95 2502 166 2560 thos,
179 2502 271 2565 etrapi
280 2498 451 2550 Armeniam»
464 2500 639 2561 adlaturum,
651 2520 665 2551 (ι
674 2504 747 2567 pulso
762 2501 943 2558 Rhadamisto,
954 2496 999 2561 qui

75 2594 80 2612 ¹
95 2576 240 2643 seperegni
249 2576 304 2637 eius
316 2575 428 2639 potitus,
444 2573 501 2623 dein
513 2575 646 2640 prologus,
660 2587 714 2624 tum
724 2590 823 2638 quoque
837 2574 933 2620 bellum
951 2569 1004 2638 ὀρ·1

93 2645 219 2704 secuerat.
228 2646 309 2711 Igitur
317 2647 343 2695 in
353 2648 414 2695 urbe
429 2663 574 2697 sermonum
584 2647 668 2707 avidi,
681 2663 695 2694 n
705 2645 919 2710 quemadmodum
929 2643 1000 2709 prim-
1056 2691 1060 2694 .

94 2737 156 2786 ceps
168 2721 210 2767 rix
219 2719 396 2783 septemdecim
406 2738 486 2769 annos
495 2736 623 2784 egressus,
637 2720 763 2783 suscipere
770 2734 825 2765 eam
834 2717 941 2776 molem,
955 2724 999 2764 aut

93 2794 247 2861 propulsare
260 2791 364 2857 posset?
375 2793 444 2858 quod
455 2791 597 2842 subsidium
608 2785 638 2840 ‘in
655 2808 697 2851 eo,
711 2789 777 2854 quii
792 2790 883 2840 lemind
896 2803 1000 2854 regere·

94 2866 160 2919 tur?
178 2883 238 2915 num
250 2863 339 2930 ‘praelia
355 2883 470 2931 quoque,
488 2877 515 2914 et
525 2866 726 2931 oppugnationes
743 2864 860 2920 urbium,
873 2874 898 2915 et
915 2875 999 2912 cetera

93 2939 157 2990 belli
166 2974 174 2997 ,
186 2953 232 3003 per
242 2937 380 3004 magistros
390 2939 559 2998 administrari
570 2951 705 3004 possent»,
717 2936 892 3003 acquirebant.
903 2931 999 2984 Contrd

94 3014 152 3070 alii,
163 3011 274 3062 «melitis
286 3015 419 3063 creuisscn
436 3012 563 3073 disserunt
573 3050 579 3072 ‚
589 3014 686 3079 «quim
697 3016 716 3063 si
730 3010 855 3064 invalidus
866 3010 965 3079 renecti
974 3016 1002 3058 et

93 3087 194 3158 ignavp'i
205 3087 328 3137 Claudius
344 3091 442 3137 militiae
458 3089 600 3139 adlabores
612 3100 759 3146 vocaretur,
777 3088 910 3150 servilibus
926 3085 999 3146 iussis

91 3162 325 3226 obtemperaturus.
344 3164 455 3211 Burrum
476 3175 562 3211 tamen·
575 3174 600 3211 et
618 3164 738 3212 Senecam
759 3161 897 3211 multarum
915 3175 1000 3208 rerum

68 3270 72 3274 .
91 3231 248 3298 experientis
262 3233 396 3299 cognito‘s:
410 3246 436 3283 et
449 3237 598 3300 imperatori
609 3248 732 3303 quautum
746 3236 778 3283 ad
792 3234 873 3288 ,robur
893 3229 1000 3279 deesse?

92 3322 175 3368 quum
188 3306 384 3374 octavodecimo
401 3309 480 3357 aetatis
503 3301 572 3358 auno
589 3310 636 3359 Cu.
657 3303 999 3378 Pompeius,.uouodecirno

93 3380 175 3458 Cesar
189 3380 362 3456 Octavianus,
373 3384 459 3450 civilia
468 3382 535 3434 bella
545 3384 722 3436 sustinuerint.
731 3383 853 3450 Pleraque
864 3378 891 3427 in
902 3374 1001 3427 summi
