2234 3817
120 133 170 187 450
438 146 463 185 c.
483 108 578 185 ceusu.
596 142 713 185 rncrrr

119 226 279 293 tmurgressi,
289 238 453 292 eumquoque
461 230 627 295 proturbant3
641 241 762 293 tauquam
773 226 867 277 Neroni
880 226 1042 280 Scribonios

118 301 210 352 fratres
221 300 354 353 concordii
366 301 508 366 opibusque
522 303 644 377 insignes,
658 301 692 349 ad
703 301 810 349 exitium
825 305 1042 352 monstravisset.

119 376 253 425 Africanus
270 390 349 438 neque
364 374 437 422 lateri
449 373 576 422 audebat
563 392 669 438 ,neque
685 376 795 425 abnuere
808 386 928 439 poterat:
942 377 971 424 in
987 377 1041 427 Vi-

118 450 189 499 bium
208 449 337 514 Crispum,
356 447 428 510 cujus
447 448 686 512 interrogationibus
703 447 871 521 fatigabatur
883 449 958 499 ultrei
972 466 1041 499 con·
1080 462 1081 465 ’

118 539 217 580 verstrs,
229 520 358 571 miscendo
370 537 424 584 qure
437 518 573 570 defendere
585 522 720 611 nequibat,
735 521 857 570 societate
871 523 977 589 cnlpae
969 524 1041 573 mvi-

118 597 186 645 diam
204 596 377 647 declinavit.
489 630 491 634 ,

149 670 235 720 XLlI.
253 670 373 734 Magnum
386 684 416 719 ec
429 669 469 717 die
480 666 586 735 pietatis
598 625 796 733 eloquentiaeque
812 670 904 720 famam
917 671 1038 735 Vipsta-

117 761 165 794 nus
176 744 294 793 Messalla
311 743 419 808 adeptus
436 754 489 800 est,
505 740 622 790 nondum
639 744 867 803 annuntiante,
885 760 959 793 ausus
976 759 1037 809 pro

115 818 190 866 fratre
199 816 305 880 Aquilio
315 816 414 880 Regulo
424 814 562 883 deprecari.
573 810 700 879 Regulum
711 816 831 866 subversa
842 819 998 867 Crassorum
1008 828 1038 866 et

117 890 221 957 Orphiti
236 890 367 938 demusin
383 905 513 937 summum
528 887 617 937 odium
633 889 767 938 extulerat.
781 891 877 955 Sponte
893 891 933 957 (ex
945 892 976 938 S.
993 888 1037 956 (3.)

116 965 302 1013 accusationem
313 963 418 1021 subiisse
429 963 526 1027 iuuenis
536 961 685 1020 admodum,
697 979 744 1011 nec
754 963 900 1029 depellendi
909 964 1035 1030 periculi,

116 1038 160 1090 sed
176 1039 201 1085 in
217 1052 286 1103 spem
303 1036 423 1103 potentiae
441 1037 585 1105 videbatur.
598 1038 630 1086 Et
641 1036 753 1101 Sulpicia
766 1039 930 1100 Praetextata,
948 1038 1037 1088 Crassi

115 1128 195 1169 uxor,
207 1122 364 1175 quatuorque
376 1111 460 1169 liberi,
472 1112 493 1159 si
502 1122 666 1177 cognosceret
677 1123 778 1159 senatur
784 1147 793 1171 ,
803 1112 900 1161 nitores
910 1111 1036 1160 admunt.

116 1184 197 1249 igitur
215 1185 332 1232 Messalla
350 1200 403 1232 nou
420 1200 536 1242 causam,
553 1200 637 1248 neque
652 1199 725 1233 reum
741 1186 824 1243 tueri,
843 1185 889 1233 sed
906 1183 1036 1249 perieulis

117 1257 203 1309 fratris
212 1269 292 1305 semet
303 1272 443 1321 opponens,
453 1258 559 1308 flexerat
568 1256 701 1323 quostiam.
715 1257 833 1307 Occurrit
840 1257 1033 1306 trucioratione

119 1332 221 1379 Curtius
242 1331 393 1389 Montanus,
418 1328 447 1378 ed
471 1346 550 1395 usque
572 1340 732 1397 progressus,
755 1345 802 1390 ut,
822 1342 911 1397 upost
931 1330 1032 1378 caedeur

119 1402 219 1461 Galbae„
237 1402 322 1457 datam
340 1400 500 1457 interfectori
517 1404 616 1452 Pisonis
630 1407 764 1471 pecuniam
774 1404 788 1452 ἐι
798 1406 913 1470 Regulo,
924 1402 1033 1468 adpeti·

118 1487 224 1539 tumque
234 1492 321 1524 morsu
335 1477 436 1537 Pisonis
445 1489 545 1543 caputu
559 1478 708 1541 oblectaret.
723 1496 738 1526 u
747 1480 803 1527 Hoc
815 1477 918 1538 certer),
932 1477 1033 1539 inquit,

120 1568 135 1597 n
143 1549 212 1611 Nero
223 1565 274 1596 nou
284 1550 380 1613 coegit,
390 1566 437 1598 nec
450 1549 599 1617 dignitatem
610 1587 616 1604 ‚
628 1563 671 1598 aut
682 1551 788 1599 salutem
797 1549 945 1598 illiseritiei
956 1547 1032 1596 rede-

118 1624 198 1672 misti.
214 1621 278 1669 Souir
294 1623 432 1670 toleremus
447 1624 552 1670 ntorum
571 1621 740 1678 defensiones,
760 1623 804 1684 qui
820 1622 928 1684 perdere
950 1623 1034 1680 alios,

119 1696 195 1762 quim
215 1712 260 1761 per
263 1696 377 1745 rclrtart
368 1698 415 1759 rpsi
433 1693 584 1740 maluerunt
603 1688 645 1737 Te
658 1708 775 1738 securum
792 1694 934 1753 reliquerat
956 1695 1036 1744 exsul

119 1776 206 1839 patet,
221 1783 246 1818 et
262 1768 362 1820 divisa
356 1782 420 1818 mter
432 1765 571 1815 creditores
582 1765 665 1827 bona,
676 1765 790 1814 nondum
801 1764 932 1813 bonorum
943 1783 1036 1832 capu

120 1856 196 1895 etas.
211 1843 275 1892 rnltrl
287 1842 355 1909 quod
367 1859 398 1891 ex
408 1853 433 1892 te
444 1840 636 1905 concupisceret
650 1837 733 1898 Nero,
743 1837 808 1886 nihil
822 1837 893 1900 quod
903 1839 1030 1889 timeret:

120 1919 224 1970 libidine
240 1920 385 1984 sanguinis,
400 1930 426 1967 et
443 1918 513 1966 lriatu
529 1917 705 1981 praemiorum,
722 1914 836 1978 ignotum
854 1911 963 1960 adhuc
955 1928 1029 1975 inge-

120 1996 206 2052 nium,
223 2005 248 2042 et
261 1996 338 2043 nullis
355 1991 544 2042 defensionibus
561 2002 708 2056 expertum,
725 1987 791 2037 carde
805 1987 886 2035 nobili
899 1987 1029 2035 imbuisti:

121 2085 199 2132 quum
207 2084 237 2128 er
248 2069 336 2117 funere
344 2066 498 2132 reipublicae,
506 2056 586 2131 raptis
593 2063 766 2113 consularibus
777 2061 875 2147 spoliis,
887 2058 1028 2125 septuagies

122 2143 238 2190 sestertio
248 2143 389 2207 saginatus
402 2152 428 2188 et
435 2138 583 2189 sacerdotio
593 2138 705 2202 fulgens
716 2138 951 2199 innoxiospueros,
962 2136 1027 2183 illus·

121 2225 172 2263 tres
181 2231 261 2278 senes,
272 2214 427 2283 conspicuas
423 2212 537 2263 feminas
546 2204 636 2260 eidem
647 2210 719 2258 ruini
728 2220 914 2276 prosterneres:
908 2223 1001 2270 .qunnr
1011 2223 1025 2255 r

113 2289 254 2355 segnitiam
265 2289 372 2339 Neronis
383 2305 397 2333 s
405 2288 563 2344 incusarent),
574 2284 643 2351 quod
649 2301 711 2349 per
702 2285 813 2348 singulae
822 2281 993 2343 domosseque
1002 2290 1024 2327 et

122 2361 248 2409 delatores
258 2361 390 2424 fatigaret·
384 2376 474 2425 posse
485 2360 632 2411 universum
640 2369 756 2404 senatum
769 2356 820 2404 unzi
831 2371 895 2404 voce
906 2353 1021 2402 subverti.

122 2422 280 2499 ulietinete,
289 2435 373 2481 Patres
382 2441 531 2490 conscripti
540 2439 699 2475 etreservate
709 2428 843 2476 hommem
852 2441 906 2476 tam
915 2425 1021 2494 expediti

121 2508 235 2561 consilii,
252 2501 376 2551 momnis
393 2511 451 2547 aetas
467 2501 589 2547 instructa
606 2500 652 2559 sit,
666 2513 694 2548 et
712 2499 844 2585 quomodo
862 2517 934 2550 senes
948 2499 1024 2547 nostri

120 2581 268 2630 Marcellum
277 2612 283 2633 ,
293 2572 442 2639 Crispum,
438 2588 542 2640 iuvenes
550 2535 694 2639 Regulrim
688 2574 828 2624 imitentur.
842 2574 941 2624 Invenit
948 2573 1022 2621 etiam

121 2657 222 2704 emulos
240 2650 326 2700 infelix
344 2646 456 2714 nequitia
471 2647 552 2713 :quid
571 2649 592 2696 si
608 2649 712 2706 floreat,
734 2648 885 2714 vigeatque?
901 2650 935 2697 Et
950 2661 1021 2710 quem

101 2750 104 2753 ·
122 2729 203 2778 adbuc
212 2727 374 2790 quarterium
386 2722 512 2772 offendere
523 2739 575 2770 non
587 2721 725 2781 nudemus,
737 2718 883 2787 praetorium
897 2734 923 2769 et
934 2737 1023 2770 consu·

120 2803 200 2852 lsrem
212 2802 288 2850 visuri
302 2797 407 2848 sumus?
421 2797 461 2848 An
476 2797 606 2845 Neronem
617 2807 762 2844 extremum
773 2794 931 2843 dominorum
947 2805 1023 2857 puta-

121 2876 168 2924 tis
163 2875 174 2909 ³
183 2875 255 2922 ldem
264 2873 424 2921 crediderant
426 2888 489 2936 ‚qur
482 2859 615 2927 'Tiberio,
626 2871 669 2932 qui
681 2870 743 2937 Caio
755 2870 899 2934 superstites
907 2866 1021 2916 suerunt:

120 2964 198 3012 quum
210 2948 312 2993 interim
323 2946 506 3007 intestabilior,
517 2954 543 2990 et
553 2943 643 2992 serior
659 2930 762 2991 exortus
775 2953 822 2990 est.
833 2941 888 2989 Nou
905 2942 1023 2988 timemur

118 3021 318 3085 Vespasianum:
335 3036 362 3065 ea
374 3034 494 3083 principis
508 3027 579 3074 atas,
594 3032 623 3063 ea
641 3014 793 3064 moderatio.
806 3012 853 3060 Sed
866 3010 964 3060 drusius
974 3012 1021 3061 du

118 3090 400 3155 rautexempln‚quim
414 3107 505 3140 mores.
523 3089 701 3153 Elauguimns,
714 3087 798 3137 Patres
812 3083 967 3150 conscripti,
977 3099 1019 3134 nee

117 3167 168 3229 jam
181 3165 223 3211 ille
239 3176 339 3212 senatus
357 3180 457 3224 snmus,
468 3163 528 3225 qni,
539 3160 622 3208 occiso
638 3161 753 3220 Nerone,
765 3159 888 3207 delatores
900 3169 926 3205 et
933 3176 1018 3207 minis·

117 3251 249 3286 trosmorc
252 3235 384 3297 maiorum
394 3235 535 3320 puniendos
548 3235 687 3298 flagitabat.
697 3236 816 3300 Optimus
830 3245 884 3329 est,
898 3244 1016 3297 postmu-

115 3309 169 3356 lum
190 3308 344 3372 principem,
362 3308 416 3354 dies
428 3310 556 3371 primus».

146 3378 243 3440 Xlrlll.
255 3381 338 3431 Tanto
351 3395 408 3430 eum
419 3396 523 3433 assensu
535 3379 636 3430 senatus
651 3380 752 3432 auditus
766 3389 805 3432 est
821 3378 968 3453 Montanus,
981 3388 1009 3429 ιιι
