2234 3817
110 1530 196 1576 usq

723 21 733 66 i

162 249 212 304 stc
258 221 265 236 .
478 241 503 278 c.
522 203 750 275 conm'rtcrrr

145 353 148 356 ’
165 355 252 407 torum
268 328 414 385 obsederat,
429 337 482 371 uon
494 316 599 367 occultis
612 311 722 379 gladiis:
741 298 898 369 dispersique
914 311 961 365 per
977 294 1031 345 fors
1043 308 1075 342 ae

165 416 298 469 basilicas,
309 404 383 455 cunei
397 398 522 448 militares
533 414 540 454 3
562 391 628 439 inter
640 400 748 450 quorum
758 378 890 444 adspectus
900 380 926 423 et
937 374 1019 421 minas
1027 371 1075 417 in-

166 490 244 557 gressi
255 483 350 533 curiam
365 484 503 524 senatores.
520 467 553 515 Et
566 462 646 511 oratio
657 454 778 575 princ'ppis
793 468 839 517 per
854 459 1006 512 quaestorem
1018 441 1077 503 eius

163 562 252 627 ‚sudio
271 567 332 605 est:
352 548 452 600 nemine
471 537 627 592 nominatim
646 545 736 594 compe
746 530 814 583 lato,
833 534 918 589 patres
937 516 1077 581 arguebat,

100 636 104 639 ⁴
148 682 151 688 .
169 655 183 685 o
191 632 260 699 qudd
271 622 465 696 publicamunia
476 617 631 667 desererent,
642 616 778 666 eorumque
791 596 907 659 exemplo
917 591 1014 655 equites
1024 590 1079 634 Ro·

168 708 237 759 mani
248 704 279 753 ad
290 699 424 765 segnitiam
434 697 603 739 verterentur.
617 677 730 737 Etenim,
746 671 808 738 quid
820 670 913 718 mirum
923 701 931 725 ,
946 664 959 712 ὲ
970 662 1078 724 longin-

169 784 225 847 quis
239 772 376 845 prosinciis
386 764 455 816 haud
473 758 552 819 veniri
564 793 570 812 ‚
583 769 660 824 quum
674 749 802 815 plerique,
813 741 897 807 adepti
913 735 1080 786 consulatum

170 866 197 904 et
215 846 370 900 sacerdotis,
390 839 523 887 hortorum
537 824 623 894 potiirs
640 819 781 873 amoenitati
798 814 947 865 inservirent
958 824 988 856 u:
1008 803 1080 871 quod

170 925 242 977 velut
252 920 331 969 telum
342 908 468 976 arripuere
479 911 645 951 accusatores.

204 992 330 1047 XXVlll.
345 987 378 1035 Et
388 983 489 1032 initium
506 974 611 1024 iaciente
625 967 787 1023 Cossutiano,
807 958 901 1024 majore
918 956 943 1004 vi
961 950 1079 1004 Marcel·

172 1074 228 1133 lus,
238 1086 252 1114 u
257 1076 382 1115 summam
388 1050 572 1117 rempublicam
581 1044 620 1107 agi
627 1038 814 1105 s'clamitsbst:
828 1025 1007 1081 «contumacis
1015 1021 1082 1074 inie-

172 1146 268 1194 riorum
283 1135 414 1183 lenitatem
432 1117 600 1187 imperitantis
619 1112 743 1161 deminui.
759 1103 881 1160 Nimium,
892 1104 965 1168 mites
976 1097 1011 1146 ad
1023 1112 1083 1146 eam

175 1217 243 1265 diem
253 1218 350 1277 patres,
361 1201 406 1266 qui
414 1198 552 1247 Thraseam
560 1190 754 1243 desciscentem,
763 1186 807 1247 qui
814 1192 933 1245 generum
941 1173 995 1239 ejus
1003 1169 1084 1230 ,Hel-

175 1289 274 1338 vidium
283 1282 413 1332 Priscum,
424 1277 449 1322 in
460 1268 551 1318 iisdem
561 1264 704 1321 furoribus,
722 1257 799 1309 simul
807 1255 944 1305 Paconium
958 1245 1085 1311 Agrippi·

177 1377 242 1413 num
253 1395 260 1418 ,
271 1351 368 1424 paterni
379 1351 403 1397 in
414 1343 543 1413 principes
554 1337 607 1388 odii
616 1334 751 1394 heredem,
765 1342 790 1379 et
800 1329 915 1377 Curtium
928 1319 1086 1370 Montanum

118 1499 120 1503 ,
179 1430 326 1486 detestanda
342 1424 451 1474 carmina
461 1416 636 1475 factitantem,
649 1409 752 1458 eludere
769 1400 870 1469 impune
887 1398 1009 1446 sinerent.
1030 1392 1087 1439 tte-

197 1512 277 1560 uirere
291 1520 317 1552 se
331 1503 356 1550 in
375 1506 463 1545 senatu
474 1488 645 1545 consularem,
665 1463 695 1531 inl
705 1481 769 1534 notis
782 1473 953 1533 sacerdotem,
966 1469 992 1514 in
1012 1464 1088 1531 jure·

179 1579 285 1650 iurando
298 1577 380 1624 civem
393 1568 477 1640 quisi,
490 1574 577 1612 contra
595 1556 709 1606 instituta
728 1563 754 1601 et
773 1545 928 1596 caerimonias
941 1540 1089 1603 majorum,

179 1653 336 1725 proditorem
349 1644 436 1712 pal‘am
448 1652 474 1701 et
492 1631 593 1686 hostem
610 1628 720 1682 Thrasea
738 1619 869 1670 induisset.
882 1615 1090 1678 Deniqueagete

181 1740 338 1782 senatorem,
352 1730 378 1769 et
390 1714 511 1785 principis
522 1699 701 1754 obtrectatoies
711 1707 845 1760 protegere
855 1691 958 1744 solitus,
973 1685 1091 1738 veniret,

181 1810 294 1854 censeret
302 1834 309 1855 ,
317 1793 380 1861 quid
392 1786 495 1847 corrigi,
508 1769 653 1826 autmutari
664 1767 755 1813 vellet:
768 1759 867 1811 iacilir'rs
879 1760 1024 1826 perlaturos
1036 1757 1092 1804 sin·

183 1826 1095 1944 gulainorepansem,qsulmnuncsilentiumperlerrentomniadsrnm.

183 1937 227 2001 tis.
237 1928 329 1998 l‘acem
341 1942 377 1989 illi
385 1947 429 2001 per
438 1926 527 1976 orbem
542 1932 621 1976 tertre,
637 1932 669 1982 su
684 1910 803 1961 victorias
814 1907 867 1955 sine
880 1902 975 1951 damno
987 1895 1093 1947 effici.

185 2036 274 2077 tuum,
286 2012 413 2081 displicere
424 1999 436 2050 i
448 1989 487 2049 Ne
496 1992 644 2047 homiuem,
656 1980 854 2050 bonispublicis
863 1986 996 2033 moestum,
1009 1984 1038 2021 et
1049 1972 1093 2035 qui

185 2098 240 2148 sors
250 2132 256 2152 ‚
267 2092 361 2140 theatra
371 2114 378 2138 ,
388 2071 482 2138 templs
493 2083 542 2135 pro
552 2059 816 2131 solitudine'bsbereu
827 2051 870 2117 qui
880 2038 1042 2098 minitaretur
1052 2060 1094 2094 ex·

188 2172 272 2221 silium
282 2173 366 2212 suum,
376 2144 523 2204 ambitionis
531 2143 614 2206 prave
625 2145 770 2200 compotem
781 2129 901 2177 lacerent.
912 2121 972 2171 Non
980 2119 1019 2167 illi
1030 2136 1096 2168 con.

182 2245 252 2304 ἰὼ*
263 2238 312 2285 hm
319 2267 325 2288 ·
332 2243 384 2279 ¹¹⁰⁰
391 2221 565 2286 m⁸Sl⁸l¹'³l¹¹⁸s
575 2221 619 2259 sut
627 2211 767 2257 Romanam
779 2201 867 2250 urbem
876 2193 968 2244 videri.
979 2191 1094 2241 Abrum-

188 2324 258 2384 peret
269 2310 343 2352 vitam
352 2297 384 2352 ob
394 2293 424 2343 eti
435 2292 552 2345 civitate,
564 2283 635 2347 cujus
645 2282 777 2330 caritatem
787 2276 848 2323 olim
856 2309 865 2333 ,
876 2282 944 2318 nunc
953 2276 979 2313 et
986 2262 1095 2330 adspec-

190 2400 243 2439 tum
259 2375 409 2425 essuisseto.

221 2448 319 2508 XXIX.
329 2445 416 2507 Quum
428 2453 473 2504 per
485 2433 537 2482 haec
548 2439 622 2490 atque
639 2423 697 2472 talia
709 2416 859 2469 Marcellus,
870 2423 898 2460 ut
907 2420 961 2458 erat
971 2420 1063 2457 torvus
1071 2415 1095 2454 et

631 2501 739 2557 esceret3
750 2508 800 2540 uon
810 2491 853 2537 ills
863 2497 924 2534 nota
932 2521 939 2548 ‚
948 2494 974 2531 et
981 2481 1095 2531 celebri·

190 2525 292 2586 minas,
305 2535 381 2574 voce,
395 2514 480 2571 vultu,
494 2503 573 2557 oculis
585 2499 630 2550 ard

191 2615 241 2652 tate
251 2593 423 2665 periculorum
432 2594 500 2633 sueta
515 2577 567 2643 jam
577 2568 678 2626 senatirs
687 2565 804 2616 moestitia
816 2599 823 2621 ‚
835 2560 878 2609 sed
889 2572 974 2606 novus
984 2566 1009 2604 οι
1021 2554 1093 2602 atrior

147 2708 150 2715 <
191 2691 282 2746 pavor,
293 2681 382 2719 mestus
392 2674 417 2711 et
427 2655 596 2728 telaxnriiitum
606 2643 768 2695 cernentibus
781 2649 786 2687 t
799 2635 876 2684 simul
889 2628 1094 2698 ipsiusThrssee

194 2743 346 2803 venerabilis
355 2736 450 2806 species
459 2726 638 2780 obversabatur
648 2736 654 2766 r
669 2729 695 2765 et
704 2724 789 2771 eraut,
799 2710 843 2776 qui
854 2725 869 2757 <t
877 2703 1021 2755 Helvidium
1027 2714 1095 2764 quo-

196 2841 264 2891 que»
285 2820 477 2867 miserarentur:
499 2798 624 2851 ‹tinnosite
638 2788 764 2841 affinitatis
784 2799 870 2851 peenas
887 2779 1011 2827 daturum.
1027 2768 1093 2838 Quid

197 2895 339 2959 Agrippino
349 2885 486 2943 obiectum,
496 2876 546 2923 nisi
557 2873 652 2924 tristent
661 2861 739 2929 patris
749 2851 892 2909 loctunam?
901 2849 1001 2913 quando
1008 2857 1034 2895 et
1043 2846 1094 2900 ille,

199 2964 304 3032 perinde
320 2961 449 3005 innocens,
459 2947 555 2995 Tiberii
567 2937 659 2991 servitii
671 2931 832 2984 concidisset.
844 2921 979 2976 Euirnverb
991 2920 1093 2967 Monto-

199 3050 260 3088 uunt
271 3024 483 3094 probatiorem,
498 3033 579 3081 neque
593 3012 681 3062 famosi
698 3007 828 3065 carminis,
838 3000 894 3063 quia
908 2991 1044 3061 protulerit
1054 2990 1094 3039 itt·

200 3108 301 3173 genium
311 3136 317 3156 ,
326 3107 454 3145 extorrem
466 3094 538 3156 ogis.

233 3174 318 3225 XXX.
331 3163 414 3230 Atque
426 3161 527 3214 interim
540 3162 656 3211 Ostorius
667 3155 784 3211 Sabinus,
801 3137 888 3195 Sorani
899 3143 1044 3199 accusator,
1053 3138 1092 3184 in·

201 3247 327 3316 greditur,
340 3240 486 3301 orditurque
501 3235 555 3284 urle
567 3230 676 3283 anticitisl
689 3224 799 3277 Rubellii
810 3222 901 3275 Plauti,
912 3211 1030 3280 quodque
1038 3224 1095 3275 pro·

203 3320 360 3373 consulatum
371 3312 435 3361 Asise
452 3311 577 3367 Somnus,
592 3307 637 3371 pro
651 3305 777 3358 claritate,
793 3295 841 3344 sibi
856 3290 941 3359 potiits
956 3298 1097 3334 recommo-

204 3396 305 3443 datunt.
324 3384 398 3449 quim
415 3401 446 3431 ex
457 3381 573 3450 utilitate
591 3376 721 3426 communi
738 3375 842 3437 egisset,
855 3363 945 3415 alendo
965 3356 1095 3406 seditiones

204 3458 471 3518 civitatumu.,Veters
490 3452 561 3505 hee:
584 3448 629 3502 ssd
647 3465 750 3507 recens,
766 3438 907 3498 discrimini
928 3434 1005 3507 patris
1021 3428 1094 3482 filisu
