2234 3817
133 125 183 177 428
447 137 473 177 c.
494 138 590 175 corn.
612 108 744 175 aacrrr'

131 217 229 269 Eadem
239 215 264 266 in
273 215 397 269 Voculam
407 208 575 283 parabantur,
586 218 635 267 nisi
645 219 731 268 servili
739 214 841 277 babitu,
856 232 909 283 per
919 215 1047 279 tenebras}

134 293 264 358 ignoratus
278 292 405 341 erasisset.
417 290 482 352 Ubi,
496 291 583 341 sedato
593 292 702 359 impetu,
713 304 797 341 metus
807 290 908 355 rediit,
925 291 1050 340 centurio·

134 382 180 415 nes
192 382 249 414 cum
266 365 378 432 epistolis
391 364 424 419 ad
438 367 553 421 civitates
567 365 708 417 Galliarum
722 356 831 425 misere,
848 367 952 416 auxilia
965 383 999 415 ac
1013 369 1054 414 sti·

133 438 224 507 pendia
236 453 360 490 oraturos.

166 511 304 563 xxxvii.
316 514 384 579 ipsi,
397 525 427 562 ut
440 527 479 563 ast
489 515 580 579 vulgus
592 512 646 560 sine
657 522 756 561 rectore
768 526 905 578 praeceps,
923 511 1055 577 pavidum,

135 597 233 643 socors,
245 583 398 635 adventante
408 588 503 648 Civile,
512 589 592 652 raptis
603 584 696 636 temeri
705 587 831 646 armis,ac
837 586 933 635 statim
944 585 1054 637 omissis,

136 656 162 704 in
178 655 262 722 sugant
279 672 425 711 vertuntur.
435 663 485 710 Rea
500 660 611 711 adversae
627 659 782 709 discordiam
796 660 938 725 peperere,
952 660 1003 713 iis.
1018 657 1057 720 qni
1086 702 1087 711 ,

135 728 149 778 ὲ
161 732 287 795 superiore
304 734 419 782 exercitu
433 745 518 795 erant,
530 750 633 783 causam
650 749 720 781 suam
732 732 944 781 dissociantilsus.
959 731 1061 779 Vitellii
1086 760 1087 767 κ

135 813 221 851 umen
231 803 367 870 imagines,
381 810 407 856 in
418 810 522 866 castris,
537 819 563 858 et
573 824 618 873 per
630 809 759 872 proximas
770 807 914 871 Belgarum
925 806 1059 865 civitates,
1086 800 1087 807 ’

134 877 263 941 reposita,
281 896 360 943 quum
371 880 423 945 jam
444 882 566 933 Vitellius
583 880 725 931 occidisset.
747 879 915 929 Deinmutati
930 881 956 928 in
979 875 1059 944 posui·

134 952 239 1000 tertiam
256 955 381 1019 primani,
399 955 584 1021 quartanique,
609 968 634 1005 et
655 954 914 1014 duodevicesimam,
934 950 1060 1002 Voculam

134 1039 273 1088 tequuntur
285 1045 292 1078 t
303 1028 372 1094 apud
384 1046 461 1094 quem
471 1042 600 1096 resumpto
609 1026 759 1096 Vespasiani
771 1041 948 1086 sacramento,
957 1026 991 1075 ad
999 1024 1060 1074 libe·
1086 1046 1087 1051 ¹

84 1114 92 1121 ·
132 1097 1060 1173 randumMagantiaciobsidiumducebantur.Discesserantobsessores,
1085 1078 1088 1197 ο

132 1171 229 1245 mixtus
239 1191 270 1224 ex
279 1177 375 1235 Cattis,
390 1173 501 1244 Usipiis‚
514 1176 798 1235 Maritimum-etrus,
812 1180 939 1227 satietate
952 1170 1053 1240 preth,

136 1262 182 1293 nec
194 1248 328 1299 incruenti.
344 1251 374 1299 In
388 1252 429 1301 via
442 1252 606 1318 dispersoset
617 1253 715 1300 nescios
727 1250 801 1300 miles
813 1263 904 1299 noster
917 1251 1052 1299 invaserat.
1081 1306 1083 1311 Ι

135 1320 205 1383 Quin
216 1333 242 1370 et
253 1322 361 1371 loricam
373 1324 519 1389 vallumque
530 1341 575 1390 per
584 1325 646 1381 fines
655 1341 713 1373 suos
722 1323 832 1386 Treveri
844 1322 945 1372 stu-uret
953 1337 985 1382 c,
1003 1332 1051 1367 ma·

134 1392 239 1458 gnisque
248 1395 358 1445 invicem
366 1396 482 1447 cladibus
491 1415 551 1447 eum
562 1398 696 1448 Germanis
705 1398 848 1445 certabant:
860 1397 950 1445 dorrec
958 1389 1052 1458 egregit

135 1481 192 1531 erga
205 1471 329 1535 populum
339 1473 484 1522 Romanum
492 1476 600 1531 merita,
613 1489 672 1520 mox
684 1471 789 1520 rebelles
800 1469 942 1519 foedarent.

169 1541 319 1595 XXXVIII.
337 1546 439 1596 Interea
449 1547 619 1612 Vespasianus
632 1543 739 1603 iterum,
750 1560 778 1592 aa
788 1544 874 1605 Titus,
886 1540 1050 1590 consulatum

135 1617 252 1667 absentes
272 1617 395 1677 inierunt,
410 1618 496 1664 ruoesta
513 1628 540 1661 et
553 1617 691 1676 multiplIai
707 1627 777 1662 metu
793 1614 921 1678 suspensa
936 1614 1054 1677 civitates

136 1709 192 1758 quae
207 1708 283 1758 snper
299 1693 414 1740 instantia
432 1684 722 1748 mata,fats0spsv01·es
736 1686 869 1744 induerat,
884 1704 900 1736 a
912 1686 1054 1734 descivisse

135 1764 263 1823 Africam,
277 1784 317 1816 res
330 1778 408 1814 noras
421 1760 542 1811 moliente
555 1761 586 1807 L.
595 1758 687 1807 Pisone
696 1776 723 1807 u.
735 1760 760 1807 ls
773 1771 878 1821 praeerat
887 1759 1054 1824 provincia,

135 1857 295 1906 nequaquam
307 1838 422 1888 turbidus
434 1834 546 1902 ingenio.
558 1832 764 1894 sesquiannus
776 1830 869 1879 savitiir
876 1829 985 1879 hiemis
998 1844 1052 1896 pro

136 1914 306 1971 bibebantur,
316 1913 421 1978 aurigas,
431 1909 552 1958 alimenta
562 1908 588 1955 in
598 1904 652 1953 alies
660 1904 768 1953 mercari
777 1903 896 1963 solitum,
910 1906 957 1953 cui
967 1919 1016 1952 nna
1023 1916 1048 1949 er

135 1986 268 2057 republicis
279 2000 384 2037 annonae
395 1998 467 2041 cura,
480 1983 595 2031 clausum
606 1979 694 2036 littus.
706 1978 808 2028 retineri
818 1989 985 2026 commeatus
994 1974 1047 2023 duaa

137 2066 220 2122 timet,
232 2056 351 2110 credebat
361 2076 367 2108 ε
378 2056 529 2122 augentibus
538 2052 632 2102 lamam
641 2051 797 2111 Vitellianis,
808 2053 852 2116 qui
863 2050 986 2123 sennium
993 2063 1046 2115 par·

62 2171 66 2176 ·
137 2138 204 2187 tium
217 2132 330 2185 nondum
342 2139 479 2195 posuerant
494 2143 545 2176 :ne
557 2124 699 2175 victoribus
710 2124 810 2190 quidem
822 2124 924 2189 ingrato
936 2135 1043 2174 rumore,

56 2222 59 2228 '
137 2223 248 2277 quorum
264 2204 434 2269 cupiditates,
446 2202 557 2252 externis
574 2215 676 2266 quoque
690 2199 766 2271 bellis
780 2197 969 2264 inexplebiles,
986 2190 1044 2243 nulls

137 2295 248 2346 unqugm
259 2277 343 2323 civilis
356 2275 585 2325 ulctoriasatIavit.

167 2346 296 2402 XXXIX.
313 2346 373 2398 Kal.
387 2347 530 2403 ianuariis,
548 2347 575 2393 in
592 2355 681 2392 senatu
691 2379 698 2400 ‚
710 2359 787 2407 quem
798 2341 881 2392 Julius
894 2342 915 2393 F
917 2345 1042 2396 rontinutr

135 2433 227 2492 prator
242 2417 369 2478 urbanus,
383 2427 533 2476 vocaverat,
550 2415 639 2478 legatis
655 2415 878 2479 exercitibusque,
889 2434 920 2467 ac
937 2417 1042 2483 regibus,

139 2494 246 2547 alaudes
253 2501 400 2559 gratesque»
410 2489 525 2537 decretae.
535 2487 662 2536 EtTertio
668 2483 683 2533 J
685 2485 770 2534 uliano
780 2499 900 2553 praetura,
912 2499 1042 2553 «tanquam
1086 2488 1087 2491 ’

137 2566 365 2637 transgredientem
385 2564 412 2613 in
429 2573 515 2628 partes
535 2559 684 2626 Vespasiani
703 2560 833 2626 legionem
853 2563 1040 2616 deseruissem,

140 2644 238 2704 ablata,
256 2653 286 2691 ut
301 2641 329 2690 in
344 2639 458 2689 Plotium
475 2634 602 2704 Griphum
620 2633 808 2686 transferretur.
823 2638 921 2688 Hormo
942 2635 1041 2701 dignius
1086 2680 1087 2695 p

141 2719 266 2786 equestris
282 2715 350 2766 data.
365 2716 399 2765 Et
416 2729 494 2775 mox,
509 2714 622 2777 ejurante
636 2711 772 2773 Frontino,
788 2713 869 2767 Cesar
890 2713 1039 2763 Domitianus

141 2807 276 2864 praeturam
291 2793 369 2857 cepit.
384 2790 444 2853 Ejus
455 2805 549 2838 numen
566 2787 680 2854 epistulis
694 2786 832 2853 edictIsque
842 2786 1039 2853 praeponebatur:

141 2873 180 2920 ris
198 2882 275 2933 penes
286 2864 435 2914 Mucianum
451 2874 521 2926 erat5
535 2858 584 2910 nisi
595 2859 665 2925 quod
677 2862 794 2927 pleraque
806 2861 980 2916 Domitianus,
991 2858 1039 2905 ins

141 2940 281 3006 rigantibus
291 2939 396 3000 amicis,
410 2947 454 2987 aut
467 2935 572 3004 proprii
584 2934 706 2992 libidine,
717 2934 832 2983 audebat.
846 2932 893 2982 Sed
903 2934 1038 2997 pracipuat

143 3013 263 3064 Muciano
273 3021 357 3059 metus
367 3010 476 3060 ePrimo
483 3010 610 3070 Antonio,
619 3010 739 3072 Varoque
749 3010 823 3058 Arrio
832 3027 838 3055 :
847 3022 910 3071 quos
920 3017 1038 3061 recentes,

142 3090 271 3150 clarosque
280 3083 442 3137 rerumlarna
448 3122 458 3146 ,
468 3101 498 3135 ac
507 3085 618 3134 militum
628 3077 726 3144 sindus,
737 3086 810 3132 etiam
819 3081 930 3148 populus
938 3080 1035 3134 fovebat,

143 3163 201 3227 quia
214 3162 239 3208 in
251 3159 461 3209 neminemultra
478 3161 555 3208 aciem
574 3160 713 3207 servierant.
732 3161 764 3207 Et
778 3156 905 3208 serebatur
921 3153 1036 3208 Antonius

141 3234 335 3283 Scribonianum
345 3232 482 3296 Crassum,
495 3232 599 3296 egregiis
613 3231 767 3295 majoribus,
783 3242 810 3279 et
818 3230 927 3283 fraterna
939 3226 1035 3295 imagine
1086 3272 1087 3287 ἢ

140 3305 289 3368 fulgentem,
297 3302 329 3361 ad
337 3301 514 3366 capessendam
526 3305 709 3368 rempublicam
717 3304 844 3354 bortatur:
856 3294 1032 3355 hauddetuuri

141 3377 300 3426 sonsaiorum
308 3390 402 3436 manu,
414 3375 630 3428 niScribonianus
643 3378 788 3442 abnuisset,
800 3394 832 3428 ne
841 3380 934 3446 paratis
942 3373 1032 3445 quium
