<?xml version="1.0" encoding="UTF-8"?>
<!DOCTYPE html PUBLIC "-//W3C//DTD XHTML 1.0 Transitional//EN"
    "http://www.w3.org/TR/xhtml1/DTD/xhtml1-transitional.dtd">
<html xmlns="http://www.w3.org/1999/xhtml" xml:lang="en" lang="en">
 <head>
  <title>
</title>
<meta http-equiv="Content-Type" content="text/html;charset=utf-8" />
  <meta name='ocr-system' content='tesseract 3.04.00' />
  <meta name='ocr-capabilities' content='ocr_page ocr_carea ocr_par ocr_line ocrx_word'/>
</head>
<body>
  <div class='ocr_page' id='page_1' title='image "./ccorntacitioper01brotgoog_0447.png"; bbox 0 0 2234 3817; ppageno 0'>
   <div class='ocr_carea' id='block_1_1' title="bbox 307 130 1002 199">
    <p class='ocr_par' dir='ltr' id='par_1_1' title="bbox 307 130 1091 199">
     <span class='ocr_line' id='line_1_1' title="bbox 307 130 1002 199; baseline 0.001 -7"><span class='ocrx_word' id='word_1_1' title='bbox 307 134 311 141; x_wconf 69' lang='grc'><strong><em>’</em></strong></span> <span class='ocrx_word' id='word_1_2' title='bbox 347 130 585 197; x_wconf 61' lang='grc' dir='ltr'><strong>ιητοωίιυκ</strong></span> <span class='ocrx_word' id='word_1_3' title='bbox 607 155 674 191; x_wconf 77' lang='lat' dir='ltr'><strong>nru¹</strong></span> <span class='ocrx_word' id='word_1_4' title='bbox 698 157 741 192; x_wconf 79' lang='lat' dir='ltr'><strong>ru.</strong></span> <span class='ocrx_word' id='word_1_5' title='bbox 951 144 1002 199; x_wconf 77' lang='lat'><strong>443</strong></span> 
     </span>
    </p>
   </div>
   <div class='ocr_carea' id='block_1_2' title="bbox 19 233 1079 2892">
    <p class='ocr_par' dir='ltr' id='par_1_2' title="bbox 19 233 1079 2892">
     <span class='ocr_line' id='line_1_2' title="bbox 70 233 1001 303; baseline 0.001 -14"><span class='ocrx_word' id='word_1_6' title='bbox 70 233 183 296; x_wconf 60' lang='lat' dir='ltr'><strong>ductet,</strong></span> <span class='ocrx_word' id='word_1_7' title='bbox 194 248 221 285; x_wconf 80' lang='lat' dir='ltr'><strong>ae</strong></span> <span class='ocrx_word' id='word_1_8' title='bbox 230 235 298 303; x_wconf 78' lang='lat' dir='ltr'><strong>ipsas</strong></span> <span class='ocrx_word' id='word_1_9' title='bbox 312 237 339 302; x_wconf 82' lang='lat' dir='ltr'><strong>in</strong></span> <span class='ocrx_word' id='word_1_10' title='bbox 351 238 426 286; x_wconf 85' lang='lat' dir='ltr'><strong>verba</strong></span> <span class='ocrx_word' id='word_1_11' title='bbox 437 236 589 303; x_wconf 60' lang='lat' dir='ltr'><strong>vespasiani</strong></span> <span class='ocrx_word' id='word_1_12' title='bbox 601 236 714 302; x_wconf 81' lang='lat' dir='ltr'><strong>adigunt.</strong></span> <span class='ocrx_word' id='word_1_13' title='bbox 726 234 786 287; x_wconf 77' lang='lat' dir='ltr'><strong>Haeo</strong></span> <span class='ocrx_word' id='word_1_14' title='bbox 802 237 938 290; x_wconf 77' lang='lat' dir='ltr'><strong>Valentino</strong></span> <span class='ocrx_word' id='word_1_15' title='bbox 952 243 1001 290; x_wconf 88' lang='lat' dir='ltr'><strong>ab·</strong></span> 
     </span>
     <span class='ocr_line' id='line_1_3' title="bbox 70 311 1000 378; baseline 0.002 -17"><span class='ocrx_word' id='word_1_16' title='bbox 70 321 161 365; x_wconf 80' lang='lat' dir='ltr'><strong>‚sente</strong></span> <span class='ocrx_word' id='word_1_17' title='bbox 172 323 242 376; x_wconf 82' lang='lat' dir='ltr'><strong>gesta</strong></span> <span class='ocrx_word' id='word_1_18' title='bbox 253 330 259 359; x_wconf 73' lang='grc' dir='ltr'><strong><em>ε</em></strong></span> <span class='ocrx_word' id='word_1_19' title='bbox 272 314 317 377; x_wconf 89' lang='lat' dir='ltr'><strong>qui</strong></span> <span class='ocrx_word' id='word_1_20' title='bbox 326 312 371 361; x_wconf 91' lang='lat' dir='ltr'><strong>ubi</strong></span> <span class='ocrx_word' id='word_1_21' title='bbox 383 311 536 364; x_wconf 72' lang='lat' dir='ltr'><strong>adventabat</strong></span> <span class='ocrx_word' id='word_1_22' title='bbox 544 313 631 361; x_wconf 83' lang='lat' dir='ltr'><strong>fureur</strong></span> <span class='ocrx_word' id='word_1_23' title='bbox 642 325 797 378; x_wconf 86' lang='lat' dir='ltr'><strong>,cunctaque</strong></span> <span class='ocrx_word' id='word_1_24' title='bbox 808 331 895 364; x_wconf 87' lang='lat' dir='ltr'><strong>rursus</strong></span> <span class='ocrx_word' id='word_1_25' title='bbox 905 316 930 363; x_wconf 90' lang='lat' dir='ltr'><strong>in</strong></span> <span class='ocrx_word' id='word_1_26' title='bbox 943 326 1000 363; x_wconf 90' lang='lat' dir='ltr'><strong>tur-</strong></span> 
     </span>
     <span class='ocr_line' id='line_1_4' title="bbox 69 380 999 454; baseline 0.005 -21"><span class='ocrx_word' id='word_1_27' title='bbox 69 385 136 449; x_wconf 38' lang='lat' dir='ltr'><strong>‚aas</strong></span> <span class='ocrx_word' id='word_1_28' title='bbox 147 397 175 434; x_wconf 89' lang='lat' dir='ltr'><strong>et</strong></span> <span class='ocrx_word' id='word_1_29' title='bbox 193 385 302 434; x_wconf 82' lang='lat' dir='ltr'><strong>exitium</strong></span> <span class='ocrx_word' id='word_1_30' title='bbox 312 403 495 447; x_wconf 82' lang='lat' dir='ltr'><strong>conversurus,</strong></span> <span class='ocrx_word' id='word_1_31' title='bbox 511 387 624 454; x_wconf 72' lang='lat' dir='ltr'><strong>legiones</strong></span> <span class='ocrx_word' id='word_1_32' title='bbox 639 391 664 435; x_wconf 84' lang='lat' dir='ltr'><strong>in</strong></span> <span class='ocrx_word' id='word_1_33' title='bbox 674 380 895 451; x_wconf 81' lang='lat' dir='ltr'><strong>Mediomatricos,</strong></span> <span class='ocrx_word' id='word_1_34' title='bbox 904 389 999 438; x_wconf 86' lang='lat' dir='ltr'><strong>sociam</strong></span> 
     </span>
     <span class='ocr_line' id='line_1_5' title="bbox 68 452 999 519; baseline 0.005 -14"><span class='ocrx_word' id='word_1_35' title='bbox 68 496 74 505; x_wconf 68' lang='lat'><em>.</em></span> <span class='ocrx_word' id='word_1_36' title='bbox 80 459 222 519; x_wconf 74' lang='lat' dir='ltr'><strong>civitatem</strong></span> <span class='ocrx_word' id='word_1_37' title='bbox 231 493 239 518; x_wconf 83' lang='lat'><strong>,</strong></span> <span class='ocrx_word' id='word_1_38' title='bbox 248 452 561 515; x_wconf 71' lang='lat' dir='ltr'><strong>abscessereVelentinus</strong></span> <span class='ocrx_word' id='word_1_39' title='bbox 569 474 599 509; x_wconf 83' lang='lat' dir='ltr'><strong>ac</strong></span> <span class='ocrx_word' id='word_1_40' title='bbox 607 459 690 518; x_wconf 82' lang='lat' dir='ltr'><strong>Tutor</strong></span> <span class='ocrx_word' id='word_1_41' title='bbox 702 464 729 511; x_wconf 90' lang='lat' dir='ltr'><strong>in</strong></span> <span class='ocrx_word' id='word_1_42' title='bbox 738 478 806 510; x_wconf 85' lang='lat' dir='ltr'><strong>arma</strong></span> <span class='ocrx_word' id='word_1_43' title='bbox 819 461 942 511; x_wconf 82' lang='lat' dir='ltr'><strong>Treveros</strong></span> <span class='ocrx_word' id='word_1_44' title='bbox 953 479 999 510; x_wconf 85' lang='lat' dir='ltr'><strong>re-</strong></span> 
     </span>
     <span class='ocr_line' id='line_1_6' title="bbox 80 527 998 603; baseline 0.003 -21"><span class='ocrx_word' id='word_1_45' title='bbox 80 530 197 582; x_wconf 85' lang='lat' dir='ltr'><strong>trahunt</strong></span> <span class='ocrx_word' id='word_1_46' title='bbox 206 534 317 594; x_wconf 87' lang='lat' dir='ltr'><strong>:occisis</strong></span> <span class='ocrx_word' id='word_1_47' title='bbox 330 533 460 583; x_wconf 83' lang='lat' dir='ltr'><strong>Herennio</strong></span> <span class='ocrx_word' id='word_1_48' title='bbox 471 550 499 582; x_wconf 89' lang='lat' dir='ltr'><strong>ac</strong></span> <span class='ocrx_word' id='word_1_49' title='bbox 509 527 629 583; x_wconf 90' lang='lat' dir='ltr'><strong>Numisio</strong></span> <span class='ocrx_word' id='word_1_50' title='bbox 640 537 730 599; x_wconf 82' lang='lat' dir='ltr'><strong>legatis</strong></span> <span class='ocrx_word' id='word_1_51' title='bbox 740 573 748 597; x_wconf 85' lang='lat'>‚</span> <span class='ocrx_word' id='word_1_52' title='bbox 763 536 813 601; x_wconf 79' lang='lat' dir='ltr'><strong>quo</strong></span> <span class='ocrx_word' id='word_1_53' title='bbox 825 573 831 596; x_wconf 90' lang='lat'><strong>,</strong></span> <span class='ocrx_word' id='word_1_54' title='bbox 846 536 944 586; x_wconf 86' lang='lat' dir='ltr'><strong>minore</strong></span> <span class='ocrx_word' id='word_1_55' title='bbox 954 553 998 603; x_wconf 87' lang='lat' dir='ltr'><strong>spe</strong></span> 
     </span>
     <span class='ocr_line' id='line_1_7' title="bbox 42 604 779 687; baseline 0.004 -33"><span class='ocrx_word' id='word_1_56' title='bbox 42 658 47 663; x_wconf 62' lang='grc'><strong>,</strong></span> <span class='ocrx_word' id='word_1_57' title='bbox 75 604 323 671; x_wconf 19' lang='lat' dir='ltr'><strong>‘reniaemresserer</strong></span> <span class='ocrx_word' id='word_1_58' title='bbox 331 606 461 656; x_wconf 87' lang='lat' dir='ltr'><strong>vinculum</strong></span> <span class='ocrx_word' id='word_1_59' title='bbox 469 609 579 658; x_wconf 78' lang='lat' dir='ltr'><strong>sceleris.</strong></span> <span class='ocrx_word' id='word_1_60' title='bbox 757 636 779 687; x_wconf 39' lang='lat' dir='ltr'><strong>q</strong></span> 
     </span>
     <span class='ocr_line' id='line_1_8' title="bbox 75 676 999 748; baseline 0.006 -24"><span class='ocrx_word' id='word_1_61' title='bbox 75 703 81 712; x_wconf 85' lang='lat'><strong>·</strong></span> <span class='ocrx_word' id='word_1_62' title='bbox 119 676 216 727; x_wconf 83' lang='lat' dir='ltr'><strong>Lxxt.</strong></span> <span class='ocrx_word' id='word_1_63' title='bbox 229 679 277 729; x_wconf 89' lang='lat' dir='ltr'><strong>Hic</strong></span> <span class='ocrx_word' id='word_1_64' title='bbox 287 681 349 730; x_wconf 83' lang='lat' dir='ltr'><strong>belli</strong></span> <span class='ocrx_word' id='word_1_65' title='bbox 360 692 439 731; x_wconf 86' lang='lat' dir='ltr'><strong>statua</strong></span> <span class='ocrx_word' id='word_1_66' title='bbox 448 694 515 741; x_wconf 86' lang='lat' dir='ltr'><strong>erat,</strong></span> <span class='ocrx_word' id='word_1_67' title='bbox 526 699 606 748; x_wconf 91' lang='lat' dir='ltr'><strong>quum</strong></span> <span class='ocrx_word' id='word_1_68' title='bbox 620 684 726 733; x_wconf 90' lang='lat' dir='ltr'><strong>Petilius</strong></span> <span class='ocrx_word' id='word_1_69' title='bbox 738 681 842 731; x_wconf 80' lang='lat' dir='ltr'><strong>Cerialis</strong></span> <span class='ocrx_word' id='word_1_70' title='bbox 852 682 999 748; x_wconf 78' lang='lat' dir='ltr'><strong>Mogontia·</strong></span> 
     </span>
     <span class='ocr_line' id='line_1_9' title="bbox 82 753 1001 822; baseline 0.004 -24"><span class='ocrx_word' id='word_1_71' title='bbox 82 764 147 799; x_wconf 88' lang='lat' dir='ltr'><strong>cum</strong></span> <span class='ocrx_word' id='word_1_72' title='bbox 159 753 246 803; x_wconf 82' lang='lat' dir='ltr'><strong>venit:</strong></span> <span class='ocrx_word' id='word_1_73' title='bbox 261 753 315 818; x_wconf 82' lang='lat' dir='ltr'><strong>ejus</strong></span> <span class='ocrx_word' id='word_1_74' title='bbox 325 754 435 804; x_wconf 86' lang='lat' dir='ltr'><strong>adventu</strong></span> <span class='ocrx_word' id='word_1_75' title='bbox 445 768 533 804; x_wconf 74' lang='lat' dir='ltr'><strong>erectae</strong></span> <span class='ocrx_word' id='word_1_76' title='bbox 542 770 608 822; x_wconf 86' lang='lat' dir='ltr'><strong>spes.</strong></span> <span class='ocrx_word' id='word_1_77' title='bbox 619 756 677 822; x_wconf 87' lang='lat' dir='ltr'><strong>lpse</strong></span> <span class='ocrx_word' id='word_1_78' title='bbox 686 760 773 822; x_wconf 73' lang='lat' dir='ltr'><strong>pugnae</strong></span> <span class='ocrx_word' id='word_1_79' title='bbox 785 754 889 812; x_wconf 80' lang='lat' dir='ltr'><strong>aridus,</strong></span> <span class='ocrx_word' id='word_1_80' title='bbox 900 768 926 803; x_wconf 89' lang='lat' dir='ltr'><strong>et</strong></span> <span class='ocrx_word' id='word_1_81' title='bbox 937 772 1001 802; x_wconf 89' lang='lat' dir='ltr'><strong>oon·</strong></span> 
     </span>
     <span class='ocr_line' id='line_1_10' title="bbox 77 824 1000 891; baseline 0.001 -16"><span class='ocrx_word' id='word_1_82' title='bbox 77 824 255 889; x_wconf 14' lang='lat' dir='ltr'><strong>*temnendim</strong></span> <span class='ocrx_word' id='word_1_83' title='bbox 271 826 348 891; x_wconf 82' lang='lat' dir='ltr'><strong>quim</strong></span> <span class='ocrx_word' id='word_1_84' title='bbox 366 828 486 878; x_wconf 84' lang='lat' dir='ltr'><strong>cavendis</strong></span> <span class='ocrx_word' id='word_1_85' title='bbox 501 829 618 880; x_wconf 77' lang='lat' dir='ltr'><strong>hostibus</strong></span> <span class='ocrx_word' id='word_1_86' title='bbox 631 827 844 890; x_wconf 79' lang='lat' dir='ltr'><strong>melior,.lerociai</strong></span> <span class='ocrx_word' id='word_1_87' title='bbox 862 830 1000 877; x_wconf 84' lang='lat' dir='ltr'><strong>verborum</strong></span> 
     </span>
     <span class='ocr_line' id='line_1_11' title="bbox 80 898 1000 968; baseline 0.007 -24"><span class='ocrx_word' id='word_1_88' title='bbox 80 898 203 949; x_wconf 79' lang='lat' dir='ltr'><strong>militem</strong></span> <span class='ocrx_word' id='word_1_89' title='bbox 212 900 362 950; x_wconf 84' lang='lat' dir='ltr'><strong>incendebat</strong></span> <span class='ocrx_word' id='word_1_90' title='bbox 370 923 377 966; x_wconf 80' lang='lat'><em>3</em></span> <span class='ocrx_word' id='word_1_91' title='bbox 386 903 432 950; x_wconf 88' lang='lat' dir='ltr'><strong>ubi</strong></span> <span class='ocrx_word' id='word_1_92' title='bbox 445 901 555 968; x_wconf 86' lang='lat' dir='ltr'><strong>primirm</strong></span> <span class='ocrx_word' id='word_1_93' title='bbox 563 902 683 968; x_wconf 77' lang='lat' dir='ltr'>congredi</span> <span class='ocrx_word' id='word_1_94' title='bbox 692 903 817 958; x_wconf 74' lang='lat' dir='ltr'><strong>licuisset,</strong></span> <span class='ocrx_word' id='word_1_95' title='bbox 828 901 925 949; x_wconf 88' lang='lat' dir='ltr'><strong>nullam</strong></span> <span class='ocrx_word' id='word_1_96' title='bbox 934 919 1000 967; x_wconf 84' lang='lat' dir='ltr'><strong>prae·</strong></span> 
     </span>
     <span class='ocr_line' id='line_1_12' title="bbox 85 971 1041 1042; baseline 0.001 -21"><span class='ocrx_word' id='word_1_97' title='bbox 85 971 124 1021; x_wconf 82' lang='lat' dir='ltr'><strong>lio</strong></span> <span class='ocrx_word' id='word_1_98' title='bbox 135 987 236 1021; x_wconf 88' lang='lat' dir='ltr'><strong>moram</strong></span> <span class='ocrx_word' id='word_1_99' title='bbox 246 972 366 1029; x_wconf 78' lang='lat' dir='ltr'><strong>lecturus.</strong></span> <span class='ocrx_word' id='word_1_100' title='bbox 379 974 498 1025; x_wconf 82' lang='lat' dir='ltr'><strong>Delector</strong></span> <span class='ocrx_word' id='word_1_101' title='bbox 507 993 553 1042; x_wconf 87' lang='lat' dir='ltr'><strong>per</strong></span> <span class='ocrx_word' id='word_1_102' title='bbox 563 976 673 1024; x_wconf 78' lang='lat' dir='ltr'>Galliam</span> <span class='ocrx_word' id='word_1_103' title='bbox 686 975 785 1033; x_wconf 85' lang='lat' dir='ltr'><strong>habitos</strong></span> <span class='ocrx_word' id='word_1_104' title='bbox 795 977 820 1022; x_wconf 89' lang='lat' dir='ltr'><strong>in</strong></span> <span class='ocrx_word' id='word_1_105' title='bbox 832 976 945 1029; x_wconf 83' lang='lat' dir='ltr'><strong>civitates</strong></span> <span class='ocrx_word' id='word_1_106' title='bbox 956 992 1002 1022; x_wconf 83' lang='lat' dir='ltr'><strong>re·</strong></span> <span class='ocrx_word' id='word_1_107' title='bbox 1038 986 1041 993; x_wconf 75' lang='grc'><strong>“</strong></span> 
     </span>
     <span class='ocr_line' id='line_1_13' title="bbox 89 1043 1002 1115; baseline 0.003 -23"><span class='ocrx_word' id='word_1_108' title='bbox 89 1043 187 1101; x_wconf 85' lang='lat' dir='ltr'><strong>mittit,</strong></span> <span class='ocrx_word' id='word_1_109' title='bbox 202 1062 230 1092; x_wconf 87' lang='lat' dir='ltr'><strong>ac</strong></span> <span class='ocrx_word' id='word_1_110' title='bbox 247 1050 364 1096; x_wconf 84' lang='lat' dir='ltr'><strong>uuntiare</strong></span> <span class='ocrx_word' id='word_1_111' title='bbox 382 1049 452 1110; x_wconf 78' lang='lat' dir='ltr'><strong>iubet</strong></span> <span class='ocrx_word' id='word_1_112' title='bbox 471 1048 608 1112; x_wconf 79' lang='lat' dir='ltr'><strong>«sufficere</strong></span> <span class='ocrx_word' id='word_1_113' title='bbox 623 1050 728 1115; x_wconf 87' lang='lat' dir='ltr'><strong>imperio</strong></span> <span class='ocrx_word' id='word_1_114' title='bbox 744 1049 872 1113; x_wconf 75' lang='lat' dir='ltr'>legiones:</span> <span class='ocrx_word' id='word_1_115' title='bbox 889 1049 951 1096; x_wconf 90' lang='lat' dir='ltr'><strong>socii</strong></span> <span class='ocrx_word' id='word_1_116' title='bbox 967 1045 1002 1095; x_wconf 92' lang='lat' dir='ltr'><strong>ad</strong></span> 
     </span>
     <span class='ocr_line' id='line_1_14' title="bbox 75 1117 1028 1186; baseline 0.009 -22"><span class='ocrx_word' id='word_1_117' title='bbox 75 1117 79 1121; x_wconf 80' lang='grc'><strong>’</strong></span> <span class='ocrx_word' id='word_1_118' title='bbox 93 1118 187 1165; x_wconf 82' lang='lat' dir='ltr'><strong>munia·</strong></span> <span class='ocrx_word' id='word_1_119' title='bbox 199 1120 269 1184; x_wconf 86' lang='lat' dir='ltr'><strong>pacis</strong></span> <span class='ocrx_word' id='word_1_120' title='bbox 291 1121 417 1184; x_wconf 77' lang='lat' dir='ltr'><strong>redirent,</strong></span> <span class='ocrx_word' id='word_1_121' title='bbox 433 1124 531 1182; x_wconf 90' lang='lat' dir='ltr'><strong>securi,</strong></span> <span class='ocrx_word' id='word_1_122' title='bbox 550 1125 620 1172; x_wconf 88' lang='lat' dir='ltr'><strong>velut</strong></span> <span class='ocrx_word' id='word_1_123' title='bbox 633 1122 750 1172; x_wconf 85' lang='lat' dir='ltr'><strong>conlecto</strong></span> <span class='ocrx_word' id='word_1_124' title='bbox 771 1123 854 1185; x_wconf 87' lang='lat' dir='ltr'><strong>hello,</strong></span> <span class='ocrx_word' id='word_1_125' title='bbox 866 1122 935 1186; x_wconf 86' lang='lat' dir='ltr'><strong>quod</strong></span> <span class='ocrx_word' id='word_1_126' title='bbox 945 1124 1028 1185; x_wconf 51' lang='lat' dir='ltr'><strong>Ros,</strong></span> 
     </span>
     <span class='ocr_line' id='line_1_15' title="bbox 91 1196 1079 1261; baseline 0.006 -22"><span class='ocrx_word' id='word_1_127' title='bbox 91 1204 171 1241; x_wconf 75' lang='lat' dir='ltr'><strong>moun</strong></span> <span class='ocrx_word' id='word_1_128' title='bbox 191 1209 280 1243; x_wconf 87' lang='lat' dir='ltr'><strong>manus</strong></span> <span class='ocrx_word' id='word_1_129' title='bbox 296 1197 452 1261; x_wconf 76' lang='lat' dir='ltr'><strong>excepissent</strong></span> <span class='ocrx_word' id='word_1_130' title='bbox 463 1215 487 1245; x_wconf 85' lang='lat' dir='ltr'><strong>n.</strong></span> <span class='ocrx_word' id='word_1_131' title='bbox 501 1196 581 1247; x_wconf 81' lang='lat' dir='ltr'><strong>Auxit</strong></span> <span class='ocrx_word' id='word_1_132' title='bbox 593 1214 621 1247; x_wconf 91' lang='lat' dir='ltr'><strong>ea</strong></span> <span class='ocrx_word' id='word_1_133' title='bbox 632 1215 673 1248; x_wconf 89' lang='lat' dir='ltr'><strong>res</strong></span> <span class='ocrx_word' id='word_1_134' title='bbox 684 1197 819 1246; x_wconf 79' lang='lat' dir='ltr'><strong>Gallorum</strong></span> <span class='ocrx_word' id='word_1_135' title='bbox 831 1196 981 1259; x_wconf 80' lang='lat' dir='ltr'><strong>obsequium</strong></span> <span class='ocrx_word' id='word_1_136' title='bbox 993 1211 1001 1245; x_wconf 90' lang='lat'>:</span> <span class='ocrx_word' id='word_1_137' title='bbox 1074 1240 1079 1245; x_wconf 76' lang='lat'>.</span> 
     </span>
     <span class='ocr_line' id='line_1_16' title="bbox 94 1269 1003 1336; baseline 0.007 -26"><span class='ocrx_word' id='word_1_138' title='bbox 94 1280 155 1312; x_wconf 84' lang='lat' dir='ltr'><strong>narn</strong></span> <span class='ocrx_word' id='word_1_139' title='bbox 165 1269 267 1331; x_wconf 71' lang='lat' dir='ltr'><strong>recepti</strong></span> <span class='ocrx_word' id='word_1_140' title='bbox 277 1269 424 1332; x_wconf 69' lang='lat' dir='ltr'><strong>juveutute,</strong></span> <span class='ocrx_word' id='word_1_141' title='bbox 439 1269 538 1320; x_wconf 76' lang='lat' dir='ltr'><strong>facilius</strong></span> <span class='ocrx_word' id='word_1_142' title='bbox 555 1273 649 1322; x_wconf 88' lang='lat' dir='ltr'><strong>tributa</strong></span> <span class='ocrx_word' id='word_1_143' title='bbox 661 1269 815 1329; x_wconf 77' lang='lat' dir='ltr'><strong>toleravere,</strong></span> <span class='ocrx_word' id='word_1_144' title='bbox 827 1271 960 1336; x_wconf 87' lang='lat' dir='ltr'><strong>proniores</strong></span> <span class='ocrx_word' id='word_1_145' title='bbox 969 1269 1003 1316; x_wconf 84' lang='lat' dir='ltr'><strong>ad</strong></span> 
     </span>
     <span class='ocr_line' id='line_1_17' title="bbox 93 1337 1002 1409; baseline 0.006 -24"><span class='ocrx_word' id='word_1_146' title='bbox 93 1337 191 1396; x_wconf 84' lang='lat' dir='ltr'><strong>officia,</strong></span> <span class='ocrx_word' id='word_1_147' title='bbox 205 1339 274 1405; x_wconf 83' lang='lat' dir='ltr'><strong>qurid</strong></span> <span class='ocrx_word' id='word_1_148' title='bbox 287 1345 478 1409; x_wconf 77' lang='lat' dir='ltr'><strong>spernebantur.</strong></span> <span class='ocrx_word' id='word_1_149' title='bbox 489 1345 524 1395; x_wconf 83' lang='lat' dir='ltr'><strong>At</strong></span> <span class='ocrx_word' id='word_1_150' title='bbox 538 1348 626 1396; x_wconf 79' lang='lat' dir='ltr'><strong>Civilis</strong></span> <span class='ocrx_word' id='word_1_151' title='bbox 636 1358 662 1395; x_wconf 87' lang='lat' dir='ltr'><strong>et</strong></span> <span class='ocrx_word' id='word_1_152' title='bbox 674 1346 797 1396; x_wconf 85' lang='lat' dir='ltr'><strong>Classicus</strong></span> <span class='ocrx_word' id='word_1_153' title='bbox 804 1379 812 1405; x_wconf 88' lang='lat'><em>‚</em></span> <span class='ocrx_word' id='word_1_154' title='bbox 822 1344 867 1392; x_wconf 92' lang='lat' dir='ltr'><strong>ubi</strong></span> <span class='ocrx_word' id='word_1_155' title='bbox 879 1359 893 1390; x_wconf 81' lang='lat' dir='ltr'><strong>o</strong></span> <span class='ocrx_word' id='word_1_156' title='bbox 900 1343 1002 1409; x_wconf 86' lang='lat' dir='ltr'><strong>pulsum</strong></span> 
     </span>
     <span class='ocr_line' id='line_1_18' title="bbox 94 1408 1000 1484; baseline 0.006 -27"><span class='ocrx_word' id='word_1_157' title='bbox 94 1408 233 1471; x_wconf 75' lang='lat' dir='ltr'><strong>Tutorem,</strong></span> <span class='ocrx_word' id='word_1_158' title='bbox 245 1431 324 1465; x_wconf 75' lang='lat' dir='ltr'><strong>caesos</strong></span> <span class='ocrx_word' id='word_1_159' title='bbox 336 1416 460 1467; x_wconf 80' lang='lat' dir='ltr'><strong>Treveros</strong></span> <span class='ocrx_word' id='word_1_160' title='bbox 469 1455 477 1481; x_wconf 87' lang='lat'><strong>,</strong></span> <span class='ocrx_word' id='word_1_161' title='bbox 487 1430 578 1468; x_wconf 87' lang='lat' dir='ltr'><strong>cuncta</strong></span> <span class='ocrx_word' id='word_1_162' title='bbox 588 1419 703 1468; x_wconf 87' lang='lat' dir='ltr'><strong>hostibus</strong></span> <span class='ocrx_word' id='word_1_163' title='bbox 712 1431 853 1484; x_wconf 86' lang='lat' dir='ltr'><strong>prosperan</strong></span> <span class='ocrx_word' id='word_1_164' title='bbox 864 1415 982 1478; x_wconf 72' lang='lat' dir='ltr'><strong>accepere</strong></span> <span class='ocrx_word' id='word_1_165' title='bbox 993 1433 1000 1462; x_wconf 81' lang='lat' dir='ltr'><strong>r</strong></span> 
     </span>
     <span class='ocr_line' id='line_1_19' title="bbox 61 1484 1010 1558; baseline 0.003 -27"><span class='ocrx_word' id='word_1_166' title='bbox 61 1543 64 1547; x_wconf 90' lang='lat'><em>.</em></span> <span class='ocrx_word' id='word_1_167' title='bbox 90 1484 188 1549; x_wconf 69' lang='lat' dir='ltr'><strong>,trepidi</strong></span> <span class='ocrx_word' id='word_1_168' title='bbox 198 1503 228 1534; x_wconf 88' lang='lat' dir='ltr'><strong>ac</strong></span> <span class='ocrx_word' id='word_1_169' title='bbox 237 1502 402 1554; x_wconf 82' lang='lat' dir='ltr'><strong>properantes</strong></span> <span class='ocrx_word' id='word_1_170' title='bbox 409 1497 425 1551; x_wconf 60' lang='grc' dir='ltr'><strong>,ἵ</strong></span> <span class='ocrx_word' id='word_1_171' title='bbox 427 1491 488 1540; x_wconf 88' lang='lat' dir='ltr'><strong>dum</strong></span> <span class='ocrx_word' id='word_1_172' title='bbox 500 1491 625 1558; x_wconf 82' lang='lat' dir='ltr'><strong>dispersas</strong></span> <span class='ocrx_word' id='word_1_173' title='bbox 635 1509 739 1541; x_wconf 87' lang='lat' dir='ltr'><strong>snorum</strong></span> <span class='ocrx_word' id='word_1_174' title='bbox 750 1491 834 1556; x_wconf 85' lang='lat' dir='ltr'><strong>copias</strong></span> <span class='ocrx_word' id='word_1_175' title='bbox 845 1488 1010 1549; x_wconf 57' lang='lat' dir='ltr'><strong>conducunt,⁴</strong></span> 
     </span>
     <span class='ocr_line' id='line_1_20' title="bbox 19 1557 1008 1625; baseline 0.003 -21"><span class='ocrx_word' id='word_1_176' title='bbox 19 1570 21 1593; x_wconf 60' lang='grc' dir='ltr'>ι</span> <span class='ocrx_word' id='word_1_177' title='bbox 95 1557 188 1606; x_wconf 81' lang='lat' dir='ltr'><strong>crebris</strong></span> <span class='ocrx_word' id='word_1_178' title='bbox 197 1560 299 1608; x_wconf 89' lang='lat' dir='ltr'><strong>interim</strong></span> <span class='ocrx_word' id='word_1_179' title='bbox 308 1562 404 1613; x_wconf 84' lang='lat' dir='ltr'><strong>nuntiis</strong></span> <span class='ocrx_word' id='word_1_180' title='bbox 411 1564 576 1614; x_wconf 77' lang='lat' dir='ltr'><strong>Valentinum</strong></span> <span class='ocrx_word' id='word_1_181' title='bbox 586 1568 724 1623; x_wconf 73' lang='lat' dir='ltr'><strong>monuere„</strong></span> <span class='ocrx_word' id='word_1_182' title='bbox 741 1580 797 1613; x_wconf 87' lang='lat' dir='ltr'><strong>une</strong></span> <span class='ocrx_word' id='word_1_183' title='bbox 806 1578 909 1611; x_wconf 86' lang='lat' dir='ltr'><strong>summae</strong></span> <span class='ocrx_word' id='word_1_184' title='bbox 918 1564 955 1609; x_wconf 88' lang='lat' dir='ltr'><strong>rei</strong></span> <span class='ocrx_word' id='word_1_185' title='bbox 963 1579 1008 1625; x_wconf 87' lang='lat' dir='ltr'><strong>pe.</strong></span> 
     </span>
     <span class='ocr_line' id='line_1_21' title="bbox 97 1629 1005 1702; baseline 0.002 -22"><span class='ocrx_word' id='word_1_186' title='bbox 97 1630 207 1681; x_wconf 87' lang='lat' dir='ltr'><strong>rlcnlum</strong></span> <span class='ocrx_word' id='word_1_187' title='bbox 218 1631 311 1689; x_wconf 82' lang='lat' dir='ltr'><strong>laceret</strong></span> <span class='ocrx_word' id='word_1_188' title='bbox 321 1651 345 1682; x_wconf 83' lang='lat' dir='ltr'><strong>n.</strong></span> <span class='ocrx_word' id='word_1_189' title='bbox 362 1635 400 1684; x_wconf 82' lang='lat' dir='ltr'><strong>Ed</strong></span> <span class='ocrx_word' id='word_1_190' title='bbox 410 1637 522 1700; x_wconf 73' lang='lat' dir='ltr'><strong>rapidius</strong></span> <span class='ocrx_word' id='word_1_191' title='bbox 533 1639 653 1702; x_wconf 76' lang='lat' dir='ltr'><strong>Cerialis,</strong></span> <span class='ocrx_word' id='word_1_192' title='bbox 667 1629 751 1687; x_wconf 75' lang='lat' dir='ltr'><strong>missis</strong></span> <span class='ocrx_word' id='word_1_193' title='bbox 762 1637 788 1685; x_wconf 90' lang='lat' dir='ltr'><strong>in</strong></span> <span class='ocrx_word' id='word_1_194' title='bbox 799 1635 1005 1684; x_wconf 82' lang='lat' dir='ltr'><strong>Mediomatricos</strong></span> 
     </span>
     <span class='ocr_line' id='line_1_22' title="bbox 19 1705 1005 1771; baseline 0 -17"><span class='ocrx_word' id='word_1_195' title='bbox 19 1714 23 1740; x_wconf 69' lang='lat'>³</span> <span class='ocrx_word' id='word_1_196' title='bbox 96 1706 142 1770; x_wconf 86' lang='lat' dir='ltr'><strong>qni</strong></span> <span class='ocrx_word' id='word_1_197' title='bbox 150 1705 267 1756; x_wconf 84' lang='lat' dir='ltr'><strong>breviore</strong></span> <span class='ocrx_word' id='word_1_198' title='bbox 279 1706 367 1756; x_wconf 83' lang='lat' dir='ltr'><strong>itinere</strong></span> <span class='ocrx_word' id='word_1_199' title='bbox 376 1708 489 1771; x_wconf 67' lang='lat' dir='ltr'><strong>legiones</strong></span> <span class='ocrx_word' id='word_1_200' title='bbox 498 1709 524 1756; x_wconf 90' lang='lat' dir='ltr'><strong>iu</strong></span> <span class='ocrx_word' id='word_1_201' title='bbox 534 1705 635 1758; x_wconf 83' lang='lat' dir='ltr'><strong>hostem</strong></span> <span class='ocrx_word' id='word_1_202' title='bbox 645 1722 785 1771; x_wconf 78' lang='lat' dir='ltr'><strong>verterent,</strong></span> <span class='ocrx_word' id='word_1_203' title='bbox 796 1708 926 1759; x_wconf 83' lang='lat' dir='ltr'><strong>contracto</strong></span> <span class='ocrx_word' id='word_1_204' title='bbox 935 1707 1005 1771; x_wconf 87' lang='lat' dir='ltr'><strong>quod</strong></span> 
     </span>
     <span class='ocr_line' id='line_1_23' title="bbox 19 1778 1032 1845; baseline 0 -18"><span class='ocrx_word' id='word_1_205' title='bbox 19 1788 27 1815; x_wconf 70' lang='lat' dir='ltr'><strong>l</strong></span> <span class='ocrx_word' id='word_1_206' title='bbox 93 1789 156 1827; x_wconf 86' lang='lat' dir='ltr'><strong>erat</strong></span> <span class='ocrx_word' id='word_1_207' title='bbox 166 1780 275 1828; x_wconf 87' lang='lat' dir='ltr'><strong>militum</strong></span> <span class='ocrx_word' id='word_1_208' title='bbox 288 1778 741 1844; x_wconf 75' lang='lat' dir='ltr'><strong>Mogontiaci,quantumque-secum</strong></span> <span class='ocrx_word' id='word_1_209' title='bbox 756 1793 939 1839; x_wconf 81' lang='lat' dir='ltr'><strong>transvexerat,</strong></span> <span class='ocrx_word' id='word_1_210' title='bbox 951 1793 1006 1829; x_wconf 87' lang='lat' dir='ltr'><strong>ter·</strong></span> <span class='ocrx_word' id='word_1_211' title='bbox 1029 1844 1032 1845; x_wconf 15' lang='lat'><em>⁷</em></span> 
     </span>
     <span class='ocr_line' id='line_1_24' title="bbox 19 1851 1005 1918; baseline 0.004 -21"><span class='ocrx_word' id='word_1_212' title='bbox 19 1856 29 1889; x_wconf 68' lang='lat' dir='ltr'><strong>t</strong></span> <span class='ocrx_word' id='word_1_213' title='bbox 89 1852 144 1905; x_wconf 75' lang='lat' dir='ltr'><strong>‚tiis</strong></span> <span class='ocrx_word' id='word_1_214' title='bbox 157 1852 417 1918; x_wconf 72' lang='lat' dir='ltr'><strong>castris,ttigodulum</strong></span> <span class='ocrx_word' id='word_1_215' title='bbox 430 1851 519 1914; x_wconf 75' lang='lat' dir='ltr'><strong>renit5</strong></span> <span class='ocrx_word' id='word_1_216' title='bbox 536 1866 614 1917; x_wconf 87' lang='lat' dir='ltr'><strong>quem</strong></span> <span class='ocrx_word' id='word_1_217' title='bbox 624 1851 711 1900; x_wconf 86' lang='lat' dir='ltr'><strong>locum</strong></span> <span class='ocrx_word' id='word_1_218' title='bbox 727 1853 817 1912; x_wconf 75' lang='lat' dir='ltr'><strong>magud</strong></span> <span class='ocrx_word' id='word_1_219' title='bbox 833 1853 1005 1901; x_wconf 86' lang='lat' dir='ltr'><strong>Treverorum</strong></span> 
     </span>
     <span class='ocr_line' id='line_1_25' title="bbox 19 1922 1003 1992; baseline 0.001 -19"><span class='ocrx_word' id='word_1_220' title='bbox 19 1938 21 1961; x_wconf 79' lang='lat'><em>³</em></span> <span class='ocrx_word' id='word_1_221' title='bbox 98 1939 182 1983; x_wconf 78' lang='lat' dir='ltr'><strong>mauu</strong></span> <span class='ocrx_word' id='word_1_222' title='bbox 191 1922 335 1975; x_wconf 82' lang='lat' dir='ltr'><strong>Valentinus</strong></span> <span class='ocrx_word' id='word_1_223' title='bbox 346 1923 471 1975; x_wconf 81' lang='lat' dir='ltr'><strong>insederat</strong></span> <span class='ocrx_word' id='word_1_224' title='bbox 480 1960 487 1981; x_wconf 87' lang='lat'><strong>,</strong></span> <span class='ocrx_word' id='word_1_225' title='bbox 497 1923 678 1989; x_wconf 85' lang='lat' dir='ltr'><strong>montibusaut¹</strong></span> <span class='ocrx_word' id='word_1_226' title='bbox 687 1923 796 1973; x_wconf 79' lang='lat' dir='ltr'><strong>Moselld</strong></span> <span class='ocrx_word' id='word_1_227' title='bbox 804 1941 880 1973; x_wconf 80' lang='lat' dir='ltr'><strong>amne</strong></span> <span class='ocrx_word' id='word_1_228' title='bbox 888 1934 1003 1992; x_wconf 85' lang='lat' dir='ltr'><strong>septum:</strong></span> 
     </span>
     <span class='ocr_line' id='line_1_26' title="bbox 19 1995 1078 2064; baseline 0.003 -16"><span class='ocrx_word' id='word_1_229' title='bbox 19 2020 21 2037; x_wconf 63' lang='grc' dir='ltr'><strong>ι</strong></span> <span class='ocrx_word' id='word_1_230' title='bbox 93 2011 123 2048; x_wconf 89' lang='lat' dir='ltr'><strong>et</strong></span> <span class='ocrx_word' id='word_1_231' title='bbox 136 1995 267 2049; x_wconf 85' lang='lat' dir='ltr'><strong>addiderat</strong></span> <span class='ocrx_word' id='word_1_232' title='bbox 276 2000 370 2060; x_wconf 79' lang='lat' dir='ltr'><strong>iberas,</strong></span> <span class='ocrx_word' id='word_1_233' title='bbox 384 2001 522 2064; x_wconf 87' lang='lat' dir='ltr'><strong>obicesque</strong></span> <span class='ocrx_word' id='word_1_234' title='bbox 538 2015 667 2048; x_wconf 80' lang='lat' dir='ltr'><strong>saxorum.</strong></span> <span class='ocrx_word' id='word_1_235' title='bbox 679 1998 735 2048; x_wconf 87' lang='lat' dir='ltr'><strong>Nec</strong></span> <span class='ocrx_word' id='word_1_236' title='bbox 746 1998 895 2050; x_wconf 74' lang='lat' dir='ltr'><strong>deterruere</strong></span> <span class='ocrx_word' id='word_1_237' title='bbox 905 2018 934 2049; x_wconf 88' lang='lat' dir='ltr'><strong>ea</strong></span> <span class='ocrx_word' id='word_1_238' title='bbox 945 2018 1006 2051; x_wconf 88' lang='lat' dir='ltr'><strong>mu·</strong></span> <span class='ocrx_word' id='word_1_239' title='bbox 1075 1998 1078 2001; x_wconf 72' lang='grc'><strong>’</strong></span> 
     </span>
     <span class='ocr_line' id='line_1_27' title="bbox 20 2073 1024 2147; baseline 0.002 -25"><span class='ocrx_word' id='word_1_240' title='bbox 20 2088 21 2093; x_wconf 73' lang='grc'>’</span> <span class='ocrx_word' id='word_1_241' title='bbox 96 2074 213 2122; x_wconf 85' lang='lat' dir='ltr'><strong>nimenta</strong></span> <span class='ocrx_word' id='word_1_242' title='bbox 224 2075 367 2129; x_wconf 79' lang='lat' dir='ltr'><strong>Romanum</strong></span> <span class='ocrx_word' id='word_1_243' title='bbox 374 2074 465 2125; x_wconf 87' lang='lat' dir='ltr'><strong>ducem</strong></span> <span class='ocrx_word' id='word_1_244' title='bbox 474 2110 481 2131; x_wconf 91' lang='lat'><strong>,</strong></span> <span class='ocrx_word' id='word_1_245' title='bbox 490 2075 628 2138; x_wconf 83' lang='lat' dir='ltr'><strong>quominus</strong></span> <span class='ocrx_word' id='word_1_246' title='bbox 638 2073 751 2140; x_wconf 82' lang='lat' dir='ltr'><strong>peditem</strong></span> <span class='ocrx_word' id='word_1_247' title='bbox 761 2088 924 2140; x_wconf 87' lang='lat' dir='ltr'><strong>perrumpere</strong></span> <span class='ocrx_word' id='word_1_248' title='bbox 933 2075 1006 2139; x_wconf 70' lang='lat' dir='ltr'><strong>iube-</strong></span> <span class='ocrx_word' id='word_1_249' title='bbox 1019 2136 1024 2147; x_wconf 28' lang='grc' dir='ltr'>ἱ</span> 
     </span>
     <span class='ocr_line' id='line_1_28' title="bbox 19 2146 1008 2213; baseline 0.002 -18"><span class='ocrx_word' id='word_1_250' title='bbox 19 2156 21 2169; x_wconf 71' lang='lat'>²</span> <span class='ocrx_word' id='word_1_251' title='bbox 98 2156 155 2203; x_wconf 90' lang='lat' dir='ltr'><strong>ret,</strong></span> <span class='ocrx_word' id='word_1_252' title='bbox 170 2148 282 2210; x_wconf 88' lang='lat' dir='ltr'><strong>equitum</strong></span> <span class='ocrx_word' id='word_1_253' title='bbox 299 2151 378 2199; x_wconf 88' lang='lat' dir='ltr'><strong>aciem</strong></span> <span class='ocrx_word' id='word_1_254' title='bbox 393 2150 418 2197; x_wconf 90' lang='lat' dir='ltr'><strong>iu</strong></span> <span class='ocrx_word' id='word_1_255' title='bbox 432 2147 524 2208; x_wconf 88' lang='lat' dir='ltr'><strong>collem</strong></span> <span class='ocrx_word' id='word_1_256' title='bbox 541 2149 664 2213; x_wconf 80' lang='lat' dir='ltr'><strong>erigeret,</strong></span> <span class='ocrx_word' id='word_1_257' title='bbox 681 2146 866 2213; x_wconf 32' lang='lat' dir='ltr'><strong>spreto-hoste,</strong></span> <span class='ocrx_word' id='word_1_258' title='bbox 878 2163 954 2212; x_wconf 92' lang='lat' dir='ltr'><strong>quem</strong></span> <span class='ocrx_word' id='word_1_259' title='bbox 967 2158 1008 2196; x_wconf 90' lang='lat' dir='ltr'><strong>te·</strong></span> 
     </span>
     <span class='ocr_line' id='line_1_29' title="bbox 101 2218 1007 2287; baseline 0.007 -21"><span class='ocrx_word' id='word_1_260' title='bbox 101 2218 173 2267; x_wconf 72' lang='lat' dir='ltr'><strong>merl</strong></span> <span class='ocrx_word' id='word_1_261' title='bbox 180 2221 315 2277; x_wconf 83' lang='lat' dir='ltr'><strong>collectum</strong></span> <span class='ocrx_word' id='word_1_262' title='bbox 325 2260 333 2284; x_wconf 90' lang='lat'><strong>,</strong></span> <span class='ocrx_word' id='word_1_263' title='bbox 344 2221 413 2272; x_wconf 86' lang='lat' dir='ltr'><strong>haud</strong></span> <span class='ocrx_word' id='word_1_264' title='bbox 421 2222 457 2271; x_wconf 85' lang='lat' dir='ltr'><strong>ita</strong></span> <span class='ocrx_word' id='word_1_265' title='bbox 466 2220 524 2272; x_wconf 86' lang='lat' dir='ltr'><strong>loco</strong></span> <span class='ocrx_word' id='word_1_266' title='bbox 534 2219 613 2283; x_wconf 79' lang='lat' dir='ltr'><strong>jurari</strong></span> <span class='ocrx_word' id='word_1_267' title='bbox 622 2256 630 2282; x_wconf 89' lang='lat'>‚</span> <span class='ocrx_word' id='word_1_268' title='bbox 639 2232 669 2270; x_wconf 90' lang='lat' dir='ltr'><strong>ut</strong></span> <span class='ocrx_word' id='word_1_269' title='bbox 683 2239 735 2270; x_wconf 91' lang='lat' dir='ltr'><strong>non</strong></span> <span class='ocrx_word' id='word_1_270' title='bbox 746 2221 802 2287; x_wconf 85' lang='lat' dir='ltr'><strong>plus</strong></span> <span class='ocrx_word' id='word_1_271' title='bbox 814 2221 866 2269; x_wconf 91' lang='lat' dir='ltr'><strong>suis</strong></span> <span class='ocrx_word' id='word_1_272' title='bbox 875 2223 901 2270; x_wconf 91' lang='lat' dir='ltr'><strong>iu</strong></span> <span class='ocrx_word' id='word_1_273' title='bbox 911 2223 1007 2272; x_wconf 85' lang='lat' dir='ltr'><strong>virtute</strong></span> 
     </span>
     <span class='ocr_line' id='line_1_30' title="bbox 19 2290 1008 2364; baseline 0.005 -21"><span class='ocrx_word' id='word_1_274' title='bbox 19 2304 21 2317; x_wconf 79' lang='grc'><em>’</em></span> <span class='ocrx_word' id='word_1_275' title='bbox 102 2290 177 2343; x_wconf 76' lang='lat' dir='ltr'><strong>foret.</strong></span> <span class='ocrx_word' id='word_1_276' title='bbox 189 2293 296 2347; x_wconf 72' lang='lat' dir='ltr'><strong>Paulum</strong></span> <span class='ocrx_word' id='word_1_277' title='bbox 312 2313 389 2347; x_wconf 79' lang='lat' dir='ltr'><strong>more</strong></span> <span class='ocrx_word' id='word_1_278' title='bbox 397 2298 423 2346; x_wconf 88' lang='lat' dir='ltr'><strong>in</strong></span> <span class='ocrx_word' id='word_1_279' title='bbox 433 2296 569 2355; x_wconf 82' lang='lat' dir='ltr'><strong>adscensu,</strong></span> <span class='ocrx_word' id='word_1_280' title='bbox 585 2295 647 2345; x_wconf 89' lang='lat' dir='ltr'><strong>dum</strong></span> <span class='ocrx_word' id='word_1_281' title='bbox 661 2296 767 2346; x_wconf 86' lang='lat' dir='ltr'><strong>missilia</strong></span> <span class='ocrx_word' id='word_1_282' title='bbox 780 2295 892 2345; x_wconf 90' lang='lat' dir='ltr'><strong>hostium</strong></span> <span class='ocrx_word' id='word_1_283' title='bbox 909 2311 1008 2364; x_wconf 80' lang='lat' dir='ltr'><strong>prave·</strong></span> 
     </span>
     <span class='ocr_line' id='line_1_31' title="bbox 98 2366 1009 2441; baseline 0.002 -24"><span class='ocrx_word' id='word_1_284' title='bbox 98 2366 206 2417; x_wconf 79' lang='lat' dir='ltr'><strong>buntur.</strong></span> <span class='ocrx_word' id='word_1_285' title='bbox 225 2368 261 2418; x_wconf 91' lang='lat' dir='ltr'><strong>Ut</strong></span> <span class='ocrx_word' id='word_1_286' title='bbox 272 2382 377 2441; x_wconf 69' lang='lat' dir='ltr'><strong>rentum</strong></span> <span class='ocrx_word' id='word_1_287' title='bbox 394 2373 421 2420; x_wconf 93' lang='lat' dir='ltr'><strong>iu</strong></span> <span class='ocrx_word' id='word_1_288' title='bbox 434 2387 543 2428; x_wconf 84' lang='lat' dir='ltr'><strong>manus,</strong></span> <span class='ocrx_word' id='word_1_289' title='bbox 557 2370 687 2421; x_wconf 86' lang='lat' dir='ltr'><strong>deturbati</strong></span> <span class='ocrx_word' id='word_1_290' title='bbox 700 2370 779 2437; x_wconf 72' lang='lat' dir='ltr'><strong>ruine</strong></span> <span class='ocrx_word' id='word_1_291' title='bbox 796 2369 874 2420; x_wconf 89' lang='lat' dir='ltr'><strong>modo</strong></span> <span class='ocrx_word' id='word_1_292' title='bbox 889 2371 1009 2438; x_wconf 72' lang='lat' dir='ltr'><strong>precipi-</strong></span> 
     </span>
     <span class='ocr_line' id='line_1_32' title="bbox 19 2440 1010 2515; baseline 0.007 -28"><span class='ocrx_word' id='word_1_293' title='bbox 19 2452 21 2459; x_wconf 90' lang='lat'>·</span> <span class='ocrx_word' id='word_1_294' title='bbox 103 2451 195 2490; x_wconf 86' lang='lat' dir='ltr'><strong>tantur.</strong></span> <span class='ocrx_word' id='word_1_295' title='bbox 209 2441 242 2492; x_wconf 89' lang='lat' dir='ltr'><strong>Et</strong></span> <span class='ocrx_word' id='word_1_296' title='bbox 255 2461 313 2509; x_wconf 87' lang='lat' dir='ltr'><strong>pars</strong></span> <span class='ocrx_word' id='word_1_297' title='bbox 324 2448 438 2511; x_wconf 77' lang='lat' dir='ltr'><strong>equitum</strong></span> <span class='ocrx_word' id='word_1_298' title='bbox 447 2447 600 2515; x_wconf 79' lang='lat' dir='ltr'><strong>aequioribus</strong></span> <span class='ocrx_word' id='word_1_299' title='bbox 608 2445 673 2512; x_wconf 73' lang='lat' dir='ltr'><strong>jugia</strong></span> <span class='ocrx_word' id='word_1_300' title='bbox 683 2440 851 2496; x_wconf 74' lang='lat' dir='ltr'><strong>circumvecta</strong></span> <span class='ocrx_word' id='word_1_301' title='bbox 858 2481 867 2504; x_wconf 91' lang='lat'><strong>,</strong></span> <span class='ocrx_word' id='word_1_302' title='bbox 880 2444 1010 2502; x_wconf 61' lang='lat' dir='ltr'><strong>nobilissiq</strong></span> 
     </span>
     <span class='ocr_line' id='line_1_33' title="bbox 97 2510 997 2588; baseline 0.006 -22"><span class='ocrx_word' id='word_1_303' title='bbox 97 2518 314 2584; x_wconf 62' lang='lat' dir='ltr'><strong>›motBelgarum‚</strong></span> <span class='ocrx_word' id='word_1_304' title='bbox 326 2521 518 2587; x_wconf 80' lang='lat' dir='ltr'><strong>in‘quisducem</strong></span> <span class='ocrx_word' id='word_1_305' title='bbox 528 2523 709 2584; x_wconf 87' lang='lat' dir='ltr'><strong>Valentinum,</strong></span> <span class='ocrx_word' id='word_1_306' title='bbox 721 2523 796 2588; x_wconf 85' lang='lat' dir='ltr'><strong>cepit.</strong></span> <span class='ocrx_word' id='word_1_307' title='bbox 987 2510 997 2539; x_wconf 80' lang='lat'><strong><em>¹</em></strong></span> 
     </span>
     <span class='ocr_line' id='line_1_34' title="bbox 134 2591 1010 2660; baseline 0.001 -20"><span class='ocrx_word' id='word_1_308' title='bbox 134 2591 240 2659; x_wconf 64' lang='lat' dir='ltr'>LXXII.</span> <span class='ocrx_word' id='word_1_309' title='bbox 251 2595 464 2660; x_wconf 83' lang='lat' dir='ltr'><strong>Cerialispottero</strong></span> <span class='ocrx_word' id='word_1_310' title='bbox 471 2596 648 2647; x_wconf 88' lang='lat' dir='ltr'><strong>diecoloniam</strong></span> <span class='ocrx_word' id='word_1_311' title='bbox 654 2598 821 2643; x_wconf 81' lang='lat' dir='ltr'><strong>Treverorum</strong></span> <span class='ocrx_word' id='word_1_312' title='bbox 828 2592 953 2657; x_wconf 76' lang='lat' dir='ltr'><strong>ingressus</strong></span> <span class='ocrx_word' id='word_1_313' title='bbox 960 2604 1010 2656; x_wconf 81' lang='lat' dir='ltr'><strong>est,</strong></span> 
     </span>
     <span class='ocr_line' id='line_1_35' title="bbox 107 2664 1010 2739; baseline 0.004 -28"><span class='ocrx_word' id='word_1_314' title='bbox 107 2664 183 2712; x_wconf 83' lang='lat' dir='ltr'><strong>avido</strong></span> <span class='ocrx_word' id='word_1_315' title='bbox 195 2669 274 2717; x_wconf 84' lang='lat' dir='ltr'><strong>milite</strong></span> <span class='ocrx_word' id='word_1_316' title='bbox 286 2667 401 2723; x_wconf 80' lang='lat' dir='ltr'><strong>eruendae</strong></span> <span class='ocrx_word' id='word_1_317' title='bbox 413 2669 536 2721; x_wconf 83' lang='lat' dir='ltr'><strong>civitatis:</strong></span> <span class='ocrx_word' id='word_1_318' title='bbox 546 2669 642 2717; x_wconf 80' lang='lat' dir='ltr'><strong>uliano</strong></span> <span class='ocrx_word' id='word_1_319' title='bbox 651 2683 704 2716; x_wconf 90' lang='lat' dir='ltr'><strong>esse</strong></span> <span class='ocrx_word' id='word_1_320' title='bbox 715 2665 1010 2739; x_wconf 69' lang='lat' dir='ltr'><strong>Classici,bancTutopis</strong></span> 
     </span>
     <span class='ocr_line' id='line_1_36' title="bbox 78 2739 1011 2807; baseline 0.001 -19"><span class='ocrx_word' id='word_1_321' title='bbox 78 2739 81 2744; x_wconf 79' lang='grc'><strong>’</strong></span> <span class='ocrx_word' id='word_1_322' title='bbox 106 2743 229 2805; x_wconf 86' lang='lat' dir='ltr'><strong>patriam:</strong></span> <span class='ocrx_word' id='word_1_323' title='bbox 243 2745 336 2796; x_wconf 86' lang='lat' dir='ltr'><strong>horum</strong></span> <span class='ocrx_word' id='word_1_324' title='bbox 345 2745 438 2795; x_wconf 86' lang='lat' dir='ltr'><strong>scelere</strong></span> <span class='ocrx_word' id='word_1_325' title='bbox 450 2744 547 2793; x_wconf 85' lang='lat' dir='ltr'><strong>clausas</strong></span> <span class='ocrx_word' id='word_1_326' title='bbox 558 2759 681 2807; x_wconf 78' lang='lat' dir='ltr'><strong>cerasque</strong></span> <span class='ocrx_word' id='word_1_327' title='bbox 695 2743 814 2807; x_wconf 77' lang='lat' dir='ltr'><strong>legiones.</strong></span> <span class='ocrx_word' id='word_1_328' title='bbox 828 2739 897 2806; x_wconf 86' lang='lat' dir='ltr'><strong>Quid</strong></span> <span class='ocrx_word' id='word_1_329' title='bbox 912 2751 1011 2789; x_wconf 84' lang='lat' dir='ltr'><strong>tantum</strong></span> 
     </span>
     <span class='ocr_line' id='line_1_37' title="bbox 68 2813 1011 2892; baseline -0.002 -29"><span class='ocrx_word' id='word_1_330' title='bbox 68 2879 75 2892; x_wconf 92' lang='lat'><strong><em>.</em></strong></span> <span class='ocrx_word' id='word_1_331' title='bbox 106 2813 258 2867; x_wconf 84' lang='lat' dir='ltr'><strong>Cremonam</strong></span> <span class='ocrx_word' id='word_1_332' title='bbox 269 2820 405 2882; x_wconf 83' lang='lat' dir='ltr'><strong>meruisse,</strong></span> <span class='ocrx_word' id='word_1_333' title='bbox 417 2817 623 2885; x_wconf 71' lang='lat' dir='ltr'><strong>quimd&#39;gremio</strong></span> <span class='ocrx_word' id='word_1_334' title='bbox 637 2816 715 2865; x_wconf 79' lang='lat' dir='ltr'><strong>Italire</strong></span> <span class='ocrx_word' id='word_1_335' title='bbox 733 2828 847 2885; x_wconf 84' lang='lat' dir='ltr'><strong>raptam,</strong></span> <span class='ocrx_word' id='word_1_336' title='bbox 862 2815 922 2880; x_wconf 92' lang='lat' dir='ltr'><strong>quia</strong></span> <span class='ocrx_word' id='word_1_337' title='bbox 935 2814 1011 2870; x_wconf 83' lang='lat' dir='ltr'><strong>unius</strong></span> 
     </span>
    </p>
   </div>
   <div class='ocr_carea' id='block_1_3' title="bbox 19 2893 1017 3041">
    <p class='ocr_par' dir='ltr' id='par_1_3' title="bbox 19 2893 1017 3041">
     <span class='ocr_line' id='line_1_38' title="bbox 96 2893 1017 2951; baseline -0.003 -4"><span class='ocrx_word' id='word_1_338' title='bbox 96 2899 189 2947; x_wconf 72' lang='lat' dir='ltr'><strong>noctis</strong></span> <span class='ocrx_word' id='word_1_339' title='bbox 199 2916 299 2950; x_wconf 89' lang='lat' dir='ltr'><strong>moram</strong></span> <span class='ocrx_word' id='word_1_340' title='bbox 309 2902 447 2951; x_wconf 83' lang='lat' dir='ltr'><strong>victoribus</strong></span> <span class='ocrx_word' id='word_1_341' title='bbox 457 2893 589 2950; x_wconf 83' lang='lat' dir='ltr'><strong>attulerit?</strong></span> <span class='ocrx_word' id='word_1_342' title='bbox 598 2900 666 2949; x_wconf 84' lang='lat' dir='ltr'><strong>Stare</strong></span> <span class='ocrx_word' id='word_1_343' title='bbox 676 2899 703 2947; x_wconf 89' lang='lat' dir='ltr'><strong>in</strong></span> <span class='ocrx_word' id='word_1_344' title='bbox 711 2899 819 2947; x_wconf 83' lang='lat' dir='ltr'><strong>confinio</strong></span> <span class='ocrx_word' id='word_1_345' title='bbox 827 2898 967 2948; x_wconf 74' lang='lat' dir='ltr'><strong>Germania</strong></span> <span class='ocrx_word' id='word_1_346' title='bbox 977 2896 1017 2944; x_wconf 88' lang='lat' dir='ltr'><strong>iu·</strong></span> 
     </span>
     <span class='ocr_line' id='line_1_39' title="bbox 19 2954 1016 3041; baseline 0.001 -20"><span class='ocrx_word' id='word_1_347' title='bbox 19 2954 21 3039; x_wconf 69' lang='lat' dir='ltr'><strong>l</strong></span> <span class='ocrx_word' id='word_1_348' title='bbox 98 2977 203 3037; x_wconf 48' lang='lat' dir='ltr'><strong>&#39;tegnam</strong></span> <span class='ocrx_word' id='word_1_349' title='bbox 218 2973 321 3033; x_wconf 82' lang='lat' dir='ltr'><strong>sedem,</strong></span> <span class='ocrx_word' id='word_1_350' title='bbox 340 2976 427 3041; x_wconf 84' lang='lat' dir='ltr'><strong>spoliis</strong></span> <span class='ocrx_word' id='word_1_351' title='bbox 439 2973 595 3024; x_wconf 83' lang='lat' dir='ltr'><strong>exercituum</strong></span> <span class='ocrx_word' id='word_1_352' title='bbox 612 2984 638 3022; x_wconf 85' lang='lat' dir='ltr'><strong>et</strong></span> <span class='ocrx_word' id='word_1_353' title='bbox 650 2971 743 3020; x_wconf 88' lang='lat' dir='ltr'><strong>ducum</strong></span> <span class='ocrx_word' id='word_1_354' title='bbox 761 2962 1016 3022; x_wconf 77' lang='lat' dir='ltr'><strong>caedibus&#39;ovautem·</strong></span> 
     </span>
    </p>
   </div>
   <div class='ocr_carea' id='block_1_4' title="bbox 19 3028 1018 3409">
    <p class='ocr_par' dir='ltr' id='par_1_4' title="bbox 19 3028 1018 3409">
     <span class='ocr_line' id='line_1_40' title="bbox 19 3028 1016 3115; baseline -0.011 -13"><span class='ocrx_word' id='word_1_355' title='bbox 19 3048 21 3067; x_wconf 67' lang='lat'><em>¹</em></span> <span class='ocrx_word' id='word_1_356' title='bbox 91 3028 278 3112; x_wconf 39' lang='lat' dir='ltr'><strong>=*digeretur</strong></span> <span class='ocrx_word' id='word_1_357' title='bbox 289 3049 373 3115; x_wconf 81' lang='lat' dir='ltr'><strong>preda</strong></span> <span class='ocrx_word' id='word_1_358' title='bbox 386 3051 411 3098; x_wconf 90' lang='lat' dir='ltr'><strong>in</strong></span> <span class='ocrx_word' id='word_1_359' title='bbox 421 3050 511 3100; x_wconf 85' lang='lat' dir='ltr'><strong>fiscum</strong></span> <span class='ocrx_word' id='word_1_360' title='bbox 524 3067 529 3097; x_wconf 91' lang='lat'>:</span> <span class='ocrx_word' id='word_1_361' title='bbox 542 3032 603 3114; x_wconf 83' lang='lat' dir='ltr'><strong>ipsis</strong></span> <span class='ocrx_word' id='word_1_362' title='bbox 612 3046 723 3095; x_wconf 84' lang='lat' dir='ltr'><strong>sufficere</strong></span> <span class='ocrx_word' id='word_1_363' title='bbox 733 3049 816 3112; x_wconf 82' lang='lat' dir='ltr'><strong>ignes,</strong></span> <span class='ocrx_word' id='word_1_364' title='bbox 825 3057 851 3093; x_wconf 84' lang='lat' dir='ltr'><strong>et</strong></span> <span class='ocrx_word' id='word_1_365' title='bbox 861 3044 963 3093; x_wconf 80' lang='lat' dir='ltr'><strong>rebellis</strong></span> <span class='ocrx_word' id='word_1_366' title='bbox 972 3059 1016 3091; x_wconf 89' lang='lat' dir='ltr'><strong>co·</strong></span> 
     </span>
     <span class='ocr_line' id='line_1_41' title="bbox 19 3116 1018 3189; baseline -0.019 -8"><span class='ocrx_word' id='word_1_367' title='bbox 19 3178 20 3181; x_wconf 75' lang='grc'>,</span> <span class='ocrx_word' id='word_1_368' title='bbox 101 3120 182 3168; x_wconf 76' lang='lat' dir='ltr'><strong>tonia</strong></span> <span class='ocrx_word' id='word_1_369' title='bbox 198 3123 285 3174; x_wconf 82' lang='lat' dir='ltr'><strong>ruinas</strong></span> <span class='ocrx_word' id='word_1_370' title='bbox 297 3161 303 3184; x_wconf 91' lang='lat'><strong>,</strong></span> <span class='ocrx_word' id='word_1_371' title='bbox 316 3124 408 3189; x_wconf 81' lang='lat' dir='ltr'><strong>quibus</strong></span> <span class='ocrx_word' id='word_1_372' title='bbox 418 3134 456 3174; x_wconf 83' lang='lat' dir='ltr'><strong>tot</strong></span> <span class='ocrx_word' id='word_1_373' title='bbox 464 3135 603 3172; x_wconf 87' lang='lat' dir='ltr'><strong>castrorum</strong></span> <span class='ocrx_word' id='word_1_374' title='bbox 615 3120 710 3179; x_wconf 79' lang='lat' dir='ltr'><strong>excidio</strong></span> <span class='ocrx_word' id='word_1_375' title='bbox 722 3129 916 3186; x_wconf 76' lang='lat' dir='ltr'><strong>pensarentur».</strong></span> <span class='ocrx_word' id='word_1_376' title='bbox 928 3116 1018 3163; x_wconf 82' lang='lat' dir='ltr'><strong>Ceria·</strong></span> 
     </span>
     <span class='ocr_line' id='line_1_42' title="bbox 19 3189 1015 3259; baseline -0.009 -14"><span class='ocrx_word' id='word_1_377' title='bbox 19 3192 20 3195; x_wconf 47' lang='lat'>&#39;</span> <span class='ocrx_word' id='word_1_378' title='bbox 103 3194 141 3243; x_wconf 74' lang='lat' dir='ltr'><strong>«lis</strong></span> <span class='ocrx_word' id='word_1_379' title='bbox 158 3196 232 3245; x_wconf 69' lang='lat' dir='ltr'><strong>metu</strong></span> <span class='ocrx_word' id='word_1_380' title='bbox 246 3196 367 3259; x_wconf 70' lang='lat' dir='ltr'><strong>infamio,</strong></span> <span class='ocrx_word' id='word_1_381' title='bbox 378 3198 400 3246; x_wconf 89' lang='lat' dir='ltr'><strong>ai</strong></span> <span class='ocrx_word' id='word_1_382' title='bbox 408 3197 510 3247; x_wconf 68' lang='lat' dir='ltr'><strong>licentii</strong></span> <span class='ocrx_word' id='word_1_383' title='bbox 520 3195 665 3259; x_wconf 74' lang='lat' dir='ltr'><strong>sevitiaqne</strong></span> <span class='ocrx_word' id='word_1_384' title='bbox 677 3195 792 3243; x_wconf 84' lang='lat' dir='ltr'><strong>imbuere</strong></span> <span class='ocrx_word' id='word_1_385' title='bbox 807 3192 915 3239; x_wconf 86' lang='lat' dir='ltr'><strong>militem</strong></span> <span class='ocrx_word' id='word_1_386' title='bbox 924 3189 1015 3238; x_wconf 87' lang='lat' dir='ltr'><strong>crede-</strong></span> 
     </span>
     <span class='ocr_line' id='line_1_43' title="bbox 104 3260 1015 3337; baseline -0.009 -20"><span class='ocrx_word' id='word_1_387' title='bbox 104 3263 295 3336; x_wconf 77' lang='lat' dir='ltr'><strong>retur,preasit</strong></span> <span class='ocrx_word' id='word_1_388' title='bbox 305 3273 355 3322; x_wconf 85' lang='lat' dir='ltr'><strong>iras</strong></span> <span class='ocrx_word' id='word_1_389' title='bbox 371 3282 414 3322; x_wconf 85' lang='lat' dir='ltr'><strong>:et</strong></span> <span class='ocrx_word' id='word_1_390' title='bbox 424 3271 545 3337; x_wconf 62' lang='lat' dir='ltr'><strong>paruere,</strong></span> <span class='ocrx_word' id='word_1_391' title='bbox 562 3270 645 3334; x_wconf 87' lang='lat' dir='ltr'><strong>posito</strong></span> <span class='ocrx_word' id='word_1_392' title='bbox 662 3267 756 3317; x_wconf 82' lang='lat' dir='ltr'><strong>civium</strong></span> <span class='ocrx_word' id='word_1_393' title='bbox 772 3266 852 3322; x_wconf 85' lang='lat' dir='ltr'><strong>bello,</strong></span> <span class='ocrx_word' id='word_1_394' title='bbox 865 3260 897 3311; x_wconf 89' lang='lat' dir='ltr'><strong>ad</strong></span> <span class='ocrx_word' id='word_1_395' title='bbox 910 3276 1015 3311; x_wconf 77' lang='lat' dir='ltr'><strong>esterna</strong></span> 
     </span>
     <span class='ocr_line' id='line_1_44' title="bbox 110 3332 1018 3409; baseline -0.008 -19"><span class='ocrx_word' id='word_1_396' title='bbox 110 3340 288 3396; x_wconf 80' lang='lat' dir='ltr'><strong>modestiores.</strong></span> <span class='ocrx_word' id='word_1_397' title='bbox 306 3345 439 3409; x_wconf 78' lang='lat' dir='ltr'><strong>Convertit</strong></span> <span class='ocrx_word' id='word_1_398' title='bbox 456 3343 516 3392; x_wconf 78' lang='lat' dir='ltr'><strong>inde</strong></span> <span class='ocrx_word' id='word_1_399' title='bbox 529 3343 627 3392; x_wconf 88' lang='lat' dir='ltr'><strong>animos</strong></span> <span class='ocrx_word' id='word_1_400' title='bbox 642 3344 777 3391; x_wconf 82' lang='lat' dir='ltr'><strong>accitarum</strong></span> <span class='ocrx_word' id='word_1_401' title='bbox 790 3339 804 3386; x_wconf 77' lang='grc' dir='ltr'>ὸ</span> <span class='ocrx_word' id='word_1_402' title='bbox 816 3332 1018 3386; x_wconf 76' lang='lat' dir='ltr'><strong>Mediomatribis</strong></span> 
     </span>
    </p>
   </div>
   <div class='ocr_carea' id='block_1_5' title="bbox 113 3408 1019 3537">
    <p class='ocr_par' dir='ltr' id='par_1_5' title="bbox 113 3408 1019 3537">
     <span class='ocr_line' id='line_1_45' title="bbox 113 3408 1019 3537; baseline -0.008 -68"><span class='ocrx_word' id='word_1_403' title='bbox 113 3416 245 3484; x_wconf 70' lang='lat' dir='ltr'><strong>legionum</strong></span> <span class='ocrx_word' id='word_1_404' title='bbox 273 3408 424 3473; x_wconf 84' lang='lat' dir='ltr'><strong>miserabilis</strong></span> <span class='ocrx_word' id='word_1_405' title='bbox 448 3417 592 3486; x_wconf 78' lang='lat' dir='ltr'><strong>rdapectus.</strong></span> <span class='ocrx_word' id='word_1_406' title='bbox 618 3417 723 3469; x_wconf 78' lang='lat' dir='ltr'><strong>Stabant</strong></span> <span class='ocrx_word' id='word_1_407' title='bbox 743 3411 897 3537; x_wconf 42' lang='lat' dir='ltr'><strong>comicini</strong></span> <span class='ocrx_word' id='word_1_408' title='bbox 929 3411 1019 3477; x_wconf 74' lang='lat' dir='ltr'><strong>flagitii</strong></span> 
     </span>
    </p>
   </div>
   <div class='ocr_carea' id='block_1_6' title="bbox 0 0 1137 3817">
    <p class='ocr_par' dir='ltr' id='par_1_6' title="bbox 0 0 1137 3817">
     <span class='ocr_line' id='line_1_46' title="bbox 0 0 1137 3817; baseline 0 0"><span class='ocrx_word' id='word_1_409' title='bbox 0 0 1137 3817; x_wconf 95' lang='lat' dir='ltr'><strong> </strong></span> 
     </span>
    </p>
   </div>
  </div>
 </body>
</html>
