2234 3817
167 152 185 179 Ι
340 167 580 206 nrsronrannss
603 171 671 206 urs.
695 172 749 210 ιιι.
940 158 988 214 lor

60 253 182 307 *dientes
190 247 447 314 timebantur.Atque
454 250 508 315 ipse
517 249 638 300 Vitellius
646 287 654 308 ,
662 262 778 318 respectu
789 262 890 305 autrum
898 271 991 307 neca·

69 324 236 381 claudinum,
250 320 315 370 nihil
328 322 354 369 in
363 319 537 372 Domitianum
549 334 621 372 atrox
632 326 746 391 parabit.

106 399 168 448 LX.
180 399 264 447 Duces
274 396 387 463 partium
395 408 424 445 nt
432 397 550 448 Carsulas
559 400 649 448 venere
658 432 665 459 ,
674 398 923 467 pancosadrequiem
933 403 989 456 dies

69 484 201 532 sumunt,
214 471 295 519 donec
308 470 396 534 aquila
407 472 526 537 signaque
537 473 669 539 legionum
677 473 874 540 adsequerentur
886 493 892 523 ε
905 489 931 526 et
944 477 989 525 lo-

72 565 123 600 eus
136 548 192 614 ipse
201 556 342 594 castrorum
351 545 479 610 placebat,
496 547 546 606 late
555 561 796 617 prospectans3tuto
806 550 935 615 copiarum
947 566 989 617 ag·

73 633 155 688 gestu
166 638 174 685 ;
187 619 370 668 florentissimis
386 635 452 685 pone
472 631 573 687 tergum
589 624 733 690 municipiis
745 642 754 674 e
769 626 844 676 simul
862 626 989 691 colloquia

77 711 142 744 cnm
155 692 315 751 Vitellianis,
333 691 421 740 decem
435 692 543 742 millium
557 696 642 761 spatio
653 695 817 759 distantibus,
835 710 861 747 et
876 699 989 764 proditio

75 769 240 837 sperabatur.
250 765 324 831 AEgrb
333 765 359 813 id
369 767 419 832 pati
429 766 504 815 miles
510 778 551 832 ,et
558 771 691 819 victoriam
700 773 777 821 malle
786 807 793 832 ,
802 772 878 837 quiam
884 787 987 837 pacem:

75 860 111 894 ne
120 859 179 892 suaa
191 839 295 905 quidem
304 837 415 904 legiones
427 842 639 905 opperiebantur,
650 857 679 894 nt
689 846 790 912 praedae,
800 846 876 911 quam
886 848 990 912 pericn-

76 918 166 966 lorum
187 915 277 964 socias.
294 913 406 965 Vocatus
423 913 456 961 sd
474 916 623 966 concionem
638 916 765 970 Antonius
782 921 887 968 docuit:
910 937 924 968 c
935 935 989 970 esse

77 990 165 1041 adbuc
176 984 284 1035 Vitellio
294 986 376 1045 sires,
391 986 538 1051 ambiguas,
548 989 570 1037 si
582 988 767 1053 deliberarent,
777 1009 858 1052 acres,
868 993 889 1041 si
897 991 990 1058 despe-

75 1074 186 1115 rassent.
203 1059 278 1109 Initia
290 1054 416 1108 bellorum
424 1060 542 1109 civilium
548 1062 654 1112 lortnme
663 1065 989 1129 permittenda,victcriam

77 1134 195 1188 consiliis
206 1144 232 1184 et
241 1130 337 1181 ratione
346 1131 442 1198 perlici.
453 1132 509 1182 Jam
522 1135 686 1186 Misenensem
697 1139 820 1198 classem,
831 1152 856 1189 et
867 1139 989 1206 pulcher·

76 1215 172 1263 rimam
180 1207 323 1272 campania
334 1223 404 1257 oram
413 1206 547 1257 descivisse
558 1227 565 1257 t
578 1227 625 1258 nec
635 1212 714 1277 plnsb
724 1225 781 1263 tuto
792 1227 917 1263 terrarum
926 1215 988 1263 orbs

80 1286 204 1348 reliquum
217 1281 336 1341 Vitellio,
348 1280 424 1344 quam
437 1282 506 1347 quod
518 1285 584 1332 inter
594 1286 757 1338 Tarracinam
769 1287 937 1352 Narniamque
948 1286 988 1349 ja·

80 1368 146 1408 cent.
159 1356 223 1405 Satis
231 1354 316 1419 glorie
326 1355 412 1420 pretio
424 1357 590 1406 Cremonensi
600 1371 714 1424 partum,
729 1363 845 1412 etexitio
857 1363 988 1411 Cremonae

84 1431 192 1480 nimium
204 1427 306 1476 insidias
316 1446 322 1476 t
334 1445 366 1476 ne
376 1430 584 1495 concupiscerent
592 1434 698 1482 Romans
709 1451 798 1501 capere
803 1435 900 1503 potitis,
911 1433 988 1498 quim

5 1513 6 1518 ’
85 1519 197 1553 servm:
209 1500 304 1563 majora
314 1501 364 1552 illis
374 1505 476 1569 praemis
484 1541 490 1560 ‚
498 1517 523 1553 et
534 1505 616 1555 multis
625 1508 865 1566 atsaiwandans,
877 1522 902 1558 er
915 1508 989 1556 inco-

59 1626 62 1630 .
83 1576 188 1629 lumitst
236 1579 334 1626 senatui
343 1577 488 1646 populoque
496 1581 1000 1652 Romanosincsanquiueqntesisseutn.'

114 1650 183 1702 LXI.
223 1651 242 1699 is
258 1663 285 1700 et
304 1651 396 1701 talibus
409 1652 518 1719 mitigati
533 1656 623 1705 animi.
642 1655 695 1707 Nee
708 1657 792 1708 msrltb
805 1658 865 1728 pbst
874 1657 987 1721 legiones

5 1755 6 1758 =
75 1725 181 1775 rendre.
196 1725 231 1775 Et
248 1737 347 1789 terrore
361 1727 476 1795 famique
491 1731 696 1781 anctiesercitsls
706 1731 849 1782 Vitellianas
868 1729 986 1780 cohortes
1038 1754 1041 1761 ι

4 1809 10 1837 l
77 1802 218 1861 nutabant,
232 1800 303 1849 nullo
321 1801 348 1850 in
360 1801 455 1852 bellum
470 1801 636 1865 adhortante,
650 1806 781 1856 multisnil
793 1805 985 1863 transitionem,

4 1883 13 1912 t
79 1876 124 1940 qui
137 1890 194 1924 snas
205 1875 331 1924 centurias
341 1885 486 1938 turmasque
498 1873 613 1935 tradere,
626 1874 722 1923 donum
740 1879 845 1938 victori,
857 1889 883 1927 et
898 1876 948 1926 sibi
958 1877 986 1925 in

4 1957 8 1984 ⁵
79 1957 210 2016 posterum
222 1949 344 2011 patiam,
357 1946 496 1996 certabant.
509 1946 558 1996 Per
571 1963 615 1995 eos
626 1948 755 2012 cognitum
764 1960 817 2009 est,
833 1947 985 1999 «luteram-

83 2036 143 2070 nam
153 2019 271 2085 proximis
276 2020 372 2084 eampis
379 2017 495 2086 prasidio
505 2016 746 2086 quadringentorum
754 2020 868 2085 equitum
875 2019 985 2073 tennis.

80 2094 174 2143 Missus
185 2091 313 2158 extemplo
323 2093 425 2151 Varus,
434 2107 494 2142 cum
504 2091 621 2159 expediti
631 2108 707 2140 mann
718 2127 725 2151 ,
735 2107 829 2156 paucos
841 2108 986 2163 repugnan-

83 2169 148 2219 tium
160 2164 297 2216 interiecit:
309 2167 394 2239 plures
403 2204 412 2233 ,
422 2160 625 2235 abjectissimis,
636 2168 735 2220 veniam
742 2167 869 2240 petivere:
882 2169 987 2236 quidam

85 2247 112 2296 in
123 2256 201 2294 castra
210 2238 304 2310 relegi,
323 2257 412 2295 cuncte
427 2242 562 2295 formidine
579 2242 734 2310 implebant,
749 2244 863 2311 augendo
873 2247 986 2295 rumori·

83 2312 131 2371 bus
143 2318 261 2366 virtutem
270 2320 404 2384 copiasque
413 2317 526 2366 bostium
534 2352 542 2378 ,
550 2317 601 2382 qnb
613 2320 699 2367 amissi
709 2317 817 2386 praesidii
829 2318 938 2367 dedecus
946 2319 987 2367 le·
1065 2320 1069 2327 '

84 2395 175 2444 nirent.
186 2390 242 2441 Nec
250 2392 302 2440 ulla
313 2390 382 2457 apud
389 2390 542 2442 Vitellianos
551 2392 641 2457 flagitii
649 2409 722 2459 poena
732 2405 773 2457 ,et
781 2394 891 2459 premiis
901 2389 987 2442 delet·

82 2481 167 2519 torum
176 2481 233 2515 vera
247 2463 324 2530 fides,
339 2479 367 2512 ac
385 2464 510 2528 reliquum
519 2464 630 2531 perfidia
642 2479 769 2515 certamen
781 2484 787 2513 ι
799 2466 885 2515 crebra
900 2477 986 2514 trans-

83 2541 150 2607 fugia
158 2540 316 2588 tribunorum
327 2540 553 2604 centurionumque
563 2558 571 2607 5
583 2558 641 2591 nam
648 2542 775 2607 gregarius
784 2541 858 2590 miles
866 2538 988 2588 indurue-

80 2608 122 2666 rat
131 2631 178 2680 pro
189 2613 312 2664 Vitellio:
325 2609 406 2662 donec
416 2613 518 2662 Priscus
530 2626 555 2661 et
566 2615 712 2679 Alphenns,
722 2615 827 2665 desertis
840 2612 928 2662 castris
936 2646 944 2672 ,
951 2609 987 2660 ad

83 2688 220 2740 Vitellium
232 2684 349 2749 regressi,
361 2684 459 2751 pudore
472 2684 625 2748 proditionis
634 2697 740 2737 cunctos
750 2686 919 2733 exsolverent.

53 2770 59 2775 “
94 2758 201 2816 „LXIL
212 2755 305 2807 Iisdem
320 2757 423 2820 diebus,
435 2757 527 2806 Fabius
536 2755 631 2806 Valens
640 2758 748 2817 Urbini,
767 2759 793 2804 iu
802 2754 932 2819 custodial,
947 2756 989 2804 in·

82 2834 214 2887 terficitnr.
225 2833 307 2899 Caput
315 2833 368 2898 eins
376 2831 522 2884 Vitellianis
533 2830 681 2879 cohortibus
691 2840 858 2889 ostentatum,
872 2844 989 2893 nequam

83 2906 149 2959 ttltri
158 2921 230 2973 spem
240 2905 357 2957 foverent
368 2923 374 2955 ε
386 2922 446 2955 nam
465 2922 479 2953 c
491 2898 630 2970 pervasisse
642 2904 668 2953 in
682 2903 830 2954 Germanias
840 2901 988 2961 Valentem,

82 2994 109 3033 et
123 2992 218 3031 veteres
235 2981 288 3030 illic
302 2997 432 3046 novosque
445 2978 571 3030 exercitus
583 2978 672 3028 cieren
689 2977 836 3027 credebaut.
847 2976 909 3028 Viti
923 2973 988 3024 crede

82 3058 110 3111 in
119 3055 319 3122 desperationem
328 3055 408 3104 versi:
421 3053 587 3102 etFlarianuls
596 3055 720 3104 exercitus
731 3054 858 3113 ,immane
867 3063 989 3118 quantum

83 3131 182 3189 animo,
192 3129 297 3181 esitium
305 3126 422 3179 Valentis
432 3139 460 3175 nt
469 3128 544 3177 finem
555 3128 617 3177 belli
627 3130 734 3196 accepit.
745 3127 825 3178 Natus
837 3124 989 3175 eratValens

84 3202 202 3268 Anagniae
211 3237 220 3265 ,
231 3201 343 3266 equestri
353 3198 447 3248 familia
458 3217 464 3248 s
477 3216 571 3266 procer
580 3202 706 3262 moribus,
721 3216 802 3265 neque
812 3197 935 3248 absurdus
945 3196 989 3245 in·

82 3275 170 3341 genio,
183 3270 277 3322 famam
290 3273 441 3322 urbanitatis
448 3289 495 3339 per
505 3274 636 3323 lasciviam
648 3284 732 3340 petere
745 3291 751 3322 s
767 3271 867 3321 ludicro
876 3270 988 3318 Juvenan

33 3341 37 3351 ’
63 3374 66 3381 ·
83 3348 160 3404 lium,
172 3344 220 3393 sub
228 3345 344 3406 Nerone,
355 3343 426 3407 seint
438 3360 468 3395 ex
479 3349 643 3408 necessitate,
653 3363 714 3396 mcx
723 3357 813 3414 sponte
825 3344 915 3393 mimos
924 3342 987 3391 acti·

82 3421 155 3481 aris,
167 3415 229 3470 sciit
239 3420 334 3491 magis,
347 3418 423 3488 quim
435 3419 524 3486 probe.
538 3422 647 3491 Legatos
654 3421 762 3491 legionis
773 3431 817 3483 ,et
826 3415 891 3473 lorit
897 3415 988 3483 Vergi-
