2234 3817
366 180 549 233 arrtrrrri.
568 194 633 235 rra,
652 197 713 235 xrr.
750 198 765 207 “
927 191 995 249 ’177

82 273 168 331 hantis
179 294 185 326 ε
198 288 357 342 vacuantque
370 294 458 328 rursus
468 277 614 339 Armeniam
626 264 807 339 Rhadamiatur
818 275 924 336 invasit,
937 288 997 327 tru-

82 352 208 400 culentior
225 349 302 416 quim
319 361 407 410 antea,
421 363 540 416 tanquam
552 351 673 400 adversus
691 349 846 411 defectores,
857 351 917 399 etin
928 363 996 407 tem-

81 441 146 491 pore
160 425 341 473 rebellaturos.
359 422 443 487 Atque
456 425 495 472 itti
510 427 626 488 quamvis
640 425 745 473 servitio
757 424 835 483 sueti,
848 425 997 490 patientiam

79 501 255 567 abrumpunt,
267 502 394 564 armisque
405 502 500 566 regiam
511 502 724 550 circumveniunt.

114 594 159 641 LI.
180 593 234 642 Nec
252 592 323 641 aliud
342 592 507 642 Rhadamisto
528 593 670 644 subsidium
685 595 749 656 luit,
765 594 841 660 quim
858 597 1003 661 pernicitat-

81 682 225 731 equorum,
237 666 296 732 quls
312 683 387 730 seque
400 679 425 714 et
436 667 569 732 conjugem
582 669 695 718 abstulit.
709 669 758 718 Sed
769 670 861 733 conjux
875 668 997 733 gravida,

82 740 195 806 primam
210 752 348 805 utcumque
361 739 460 806 fugam,
473 741 506 790 oh
521 754 619 791 metum
631 742 751 791 hostilem
766 754 792 792 et
802 745 888 791 mariti
900 744 997 791 carita-

84 822 157 869 tem,
169 814 287 862 toleravit
298 831 305 861 ε
316 813 374 879 pbst
388 812 548 864 festinatione
566 815 703 874 continui,
718 815 763 864 nbi
774 817 844 879 quati
856 827 958 877 uterus,
970 825 997 864 et

85 889 182 938 viscera
190 890 332 943 vibrantur.
342 907 412 938 orare
422 904 471 940 ont
482 903 565 940 morte
576 889 682 940 bonesti
690 892 852 940 contumeliis
862 891 997 955 captivita-

85 962 119 1009 tis
128 963 315 1012 eximeretur».
326 964 372 1012 llle
386 964 468 1029 primd
478 965 616 1030 amplecti,
627 965 757 1028 adlevare,
767 963 907 1025 adhortari,
919 960 997 1010 modis

84 1036 209 1083 virtutem
221 1035 349 1086 admirans
359 1074 365 1091 ‚
378 1036 457 1086 modo
466 1040 556 1086 timore
568 1052 645 1102 ager,
655 1054 688 1087 ne
697 1038 754 1100 quis
762 1035 850 1086 relicti
861 1036 997 1100 potiretur.

85 1107 219 1157 Postremi>
227 1146 235 1168 ,
249 1101 371 1157 violentid
384 1111 491 1172 amoris,
505 1122 531 1160 et
542 1108 683 1160 facinorum
696 1128 748 1161 non
762 1109 847 1167 rudis,
863 1109 998 1172 destringit

87 1183 234 1241 acinacem,
250 1183 459 1246 vulneratamque
473 1184 554 1249 ripam
566 1183 598 1232 ad
612 1182 702 1234 Araxis
714 1182 807 1241 trahit,
825 1183 925 1232 flumini
941 1192 998 1230 tra-

90 1252 142 1317 dit,
152 1271 183 1303 ne
194 1269 287 1321 corpus
295 1257 372 1304 etiam
385 1253 542 1305 auferretur:
560 1258 613 1322 ipse
625 1273 734 1323 praeceps
745 1257 834 1305 Iberos
844 1254 876 1303 ad
887 1254 997 1321 patrium

87 1340 195 1391 regnum
202 1327 326 1394 pervadit.
347 1328 454 1377 Interim
464 1328 602 1377 Zenobiam
615 1328 659 1396 (id
670 1330 773 1378 mulieri
782 1329 890 1394 nomen)
899 1327 1004 1394 placidas

89 1399 178 1448 illuvie
188 1437 196 1460 ,
207 1401 342 1467 spirantem
354 1419 382 1451 ao
396 1404 451 1451 vitae
464 1402 622 1452 manifestam
633 1402 764 1452 advertere
777 1413 905 1467 pastores,
918 1414 944 1450 et
954 1400 996 1448 di·

81 1476 182 1540 gnitate
203 1475 288 1525 formae
307 1477 376 1527 haud
393 1477 543 1545 degenerem
562 1488 724 1544 reputantes,
749 1478 877 1542 obligant3
900 1475 995 1523 vulnus

89 1551 196 1613 agrestia
204 1548 374 1599 medicamina
384 1549 521 1614 adhibent;
530 1552 682 1617 cognitoque
691 1551 794 1601 nomine
803 1561 827 1598 et
837 1565 910 1606 casu,
920 1550 946 1597 in
956 1566 998 1597 ur·

87 1621 146 1670 bem
164 1621 288 1672 Artaxata
299 1624 384 1673 ferunt
397 1642 402 1672 :
420 1623 488 1673 unde
497 1624 601 1692 publici
613 1625 672 1677 curl
683 1624 792 1675 deducta
808 1622 841 1674 ad
850 1622 996 1689 Tiridaoen,
1046 1668 1053 1673 .

87 1695 245 1760 comiterque,
252 1709 356 1765 excepta
366 1735 372 1762 ‚
382 1697 454 1746 cultu
464 1700 530 1764 regio
540 1697 628 1748 habits
640 1710 689 1749 est.

116 1789 173 1841 LlI.
183 1792 279 1842 Fausto
288 1792 373 1865 sumt
381 1792 465 1842 Salvio
477 1791 579 1845 Othone
594 1810 659 1844 coss.
674 1790 766 1844 Furiae
779 1789 957 1843 Scribonianus
969 1791 997 1841 in

89 1866 203 1914 exsilium
211 1866 671 1934 agitur‚quasiafinemprincipisper
678 1865 995 1918 Chaldaeosscrutareturnz

93 1938 270 1988 adnectebatur
281 1942 383 1989 crimini
394 1942 483 1993 Iunia
500 1949 589 1993 nautes
598 1938 669 2011 ejus,
679 1951 710 1993 ut
722 1936 803 1993 costis
812 1942 910 2001 prioris
922 1939 998 2004 (nam

95 2011 206 2074 relegata
218 2013 288 2077 erat)
302 2017 456 2084 impatiens·
474 2016 549 2064 Pater
562 2014 720 2063 Scriboniani
733 2012 853 2060 Camillus
868 2029 937 2059 arma
954 2027 1000 2075 per

89 2083 246 2134 Dalmatiam
261 2096 402 2136 moverat:
426 2085 502 2153 idque
527 2085 559 2135 ad
579 2087 742 2134 clementiam
764 2082 880 2132 trahebat
899 2084 981 2132 Caesar
995 2116 1000 2136 ,t

89 2157 162 2224 qudd
173 2158 276 2222 stirpem
293 2158 412 2209 hostilem
424 2163 518 2210 iterum
534 2170 705 2209 conservaret.
719 2158 808 2221 Neque
820 2167 905 2206 tamen
917 2156 1000 2207 exsuli

85 2231 163 2298 longa
176 2230 278 2296 posthac
287 2234 339 2282 vita
350 2231 416 2303 fuit:
430 2243 512 2282 morte
524 2231 646 2290 fortuiti,
658 2248 690 2280 an
696 2246 875 2299 perrenenum
887 2224 998 2280 eratine-

86 2311 130 2355 tus
149 2315 227 2366 esset,
246 2308 399 2371 utquisque
420 2307 543 2371 eredidit,
564 2304 712 2372 vulgariter
728 2302 791 2354 «De
813 2304 999 2355 mathematicis

56 2386 63 2399 ‘
87 2377 162 2427 ltalia
179 2378 325 2446 pellendisu
350 2379 446 2430 factum
464 2370 820 2444 senatusconsultnrd„atrox
842 2391 868 2429 et
885 2381 998 2430 irritum.

87 2448 300 2509 Laudatidohinc
313 2457 429 2504 orations
438 2456 562 2522 principis
572 2491 580 2521 ,
597 2471 613 2509 r
624 2454 668 2521 qni
677 2449 851 2518 oban'gustias
861 2452 999 2502 familiares

88 2526 176 2576 ordine
192 2531 323 2578 senatorio
337 2528 428 2595 sponte
445 2529 586 2580 cederent»
596 2567 605 2595 ,
616 2531 747 2592 motique,
765 2544 779 2575 tt
788 2527 832 2589 qui
844 2524 1009 2576 remanendol

86 2601 274 2667 impudentiam
285 2606 403 2670 pauperti
415 2605 564 2669 adiicerent.

118 2693 191 2742 Lm.
209 2694 282 2743 lnter
300 2712 354 2760 que
369 2698 478 2755 refertur
500 2697 533 2747 ad
552 2705 653 2759 patrer,
672 2690 724 2738 ede
738 2688 813 2755 paeni
829 2688 998 2750 feminarum,

89 2783 146 2832 quae
160 2770 242 2817 sarria
254 2769 486 2838 conjungerentur»
499 2791 506 2819 t
528 2768 699 2829 statuiturque
715 2776 782 2826 «ut,
797 2765 884 2827 ignaro
897 2763 1002 2813 domino

50 2854 54 2863 '
90 2842 124 2891 ad
136 2841 163 2890 id
171 2844 295 2908 prolapsae
304 2878 312 2908 ‚
320 2847 346 2894 in
357 2850 494 2909 servitute3
508 2845 548 2891 sin
560 2841 744 2896 consensisset,
755 2855 804 2904 pro
813 2838 911 2886 libertis
920 2838 999 2887 habe-
1053 2862 1056 2867 ·

87 2928 210 2968 rentur».
226 2917 353 2982 Pallanti,
369 2936 443 2985 quem
458 2927 633 2984 «repertorem
646 2917 699 2976 eins
714 2913 864 2962 relationis»
882 2911 999 2960 ediderat

89 2991 185 3053 Caesar,
206 2993 343 3057 «pretoria
356 2994 479 3060 insignia,
493 3002 521 3040 et
536 2990 633 3038 centies
650 2988 816 3052 quinquagies
832 2988 997 3035 sestertium»

86 3067 186 3114 censuit
203 3069 292 3116 consul
306 3068 470 3135 designatus,
487 3066 567 3114 Barea
580 3065 705 3112 Soranua:
725 3061 841 3109 additum
855 3060 869 3108 a
883 3061 1002 3127 Scipione

88 3138 221 3205 Cornelio,
233 3153 337 3206 «grater
350 3139 451 3208 publice
459 3138 586 3206 agendas,
601 3135 670 3199 qudd
679 3135 780 3198 regibus
792 3133 902 3184 Arcadia
913 3147 1003 3194 ortua„

85 3214 248 3263 veterrimam
267 3216 432 3265 nobilitatem
450 3213 509 3262 usui
521 3209 626 3278 publico
643 3217 825 3274 postponeret,
839 3223 916 3268 aeque
933 3208 1001 3255 inter

81 3287 213 3350 ministros
225 3288 352 3353 principia
362 3288 453 3338 haberi
462 3288 586 3334 sineret».
598 3281 761 3331 Asseverar'tt
772 3277 910 3333 Claudius,
921 3295 1001 3326 ‹teon-

82 3368 183 3408 tentnm
190 3360 291 3410 honore
298 3361 453 3423 Pallantem,
461 3360 528 3407 intra
535 3357 647 3421 priorem
656 3352 830 3418 parperiam
835 3350 970 3404 subsistere
975 3366 1003 3396 »-

81 3439 116 3489 Er
128 3437 207 3517 hrum
221 3451 263 3491 ert
273 3455 323 3490 rere
341 3441 447 3513 publico
464 3431 710 3489 senatusconsultum
719 3463 728 3489 ,
737 3446 789 3494 quo
803 3427 938 3553 lplbsgtinns
946 3439 1003 3499 ως
