2234 3817
381 159 617 197 srsronrrnnrr
637 163 700 198 urs
719 162 772 199 r.-
960 144 1009 210 317
1080 175 1086 178 -

106 239 260 300 Onomastus
270 219 388 296 nuntiet,
403 244 560 314 «exspectari
573 257 631 290 eum
647 241 678 289 rb
692 240 841 297 architecto,
855 249 880 287 et
891 237 1010 303 tedemp·

105 313 245 362 toribnsu·
265 328 318 375 quae
334 307 482 376 significatio
501 317 646 363 coeuntium
662 314 711 376 jam
730 315 856 370 militurn,
878 325 904 361 et
920 325 1010 377 parata

106 385 287 448 conjurationis
295 397 457 432 convenerat.
472 384 557 441 Otho,
570 402 691 435 ‹tcausem
710 385 864 454 digressirsu,
879 388 1010 448 requiren-

105 458 175 506 tibus
186 493 192 512 ,
204 474 299 522 quum,
314 460 384 505 nenti
395 459 442 506 sibi
453 458 559 522 pradis,
573 471 698 511 vetustate
711 461 840 524 suspecti,
852 474 931 523 eoque
942 455 1011 523 pride
1087 447 1093 458 ’

105 528 282 595 explorandas
296 528 423 589 finxisset,
434 529 535 576 innixus
545 530 654 592 uberto,
667 546 712 597 per
720 532 882 579 Tiberianam
893 529 1011 589 domum,

108 604 136 652 in
149 600 306 660 Velabrum,
318 598 376 647 'rude
394 598 426 647 ad
438 598 588 648 Milliarium
606 619 723 662 aureum,
741 604 788 652 sub
800 601 878 650 aedem
895 602 1011 660 Satrium,

106 674 202 740 pergit.
215 671 256 720 Ibi
274 684 323 721 tres
338 684 364 720 et
379 673 467 736 viginti
487 674 655 737 speculatores
665 675 848 724 consalutatum
863 680 1012 743 imperato·

109 767 176 800 rene,
186 762 214 793 ac
225 745 353 810 paucitate
366 745 529 793 salutandum
543 745 681 811 trepidum,
695 760 721 795 et
730 748 795 796 selle
807 747 948 795 festinanter
958 747 1013 796 im·

84 821 89 826 ’
106 819 233 884 positum,
248 818 341 866 strictis
353 818 517 866 mucronibus
532 821 642 881 rupium.
656 820 774 867 Totidem
789 819 971 867 serrnenrilitss
984 820 1011 867 iu

107 893 202 947 itinere
221 905 397 959 aggregantur,
414 892 458 938 alii
475 891 644 964 conscientiis,
662 892 775 957 plerique
789 893 933 950 'miracul05
955 909 1012 957 pars

105 966 219 1015 clamore
233 976 259 1012 et
276 964 378 1028 gladiis,
390 981 448 1030 pars
467 964 586 1026 silentio,
602 965 715 1014 animum
730 978 865 1013 exerentu
877 966 1011 1029 sumpturi·

57 1035 79 1056 ’“
136 1036 263 1087 XXVIII.
278 1035 420 1084 Stationem
432 1035 459 1083 in
478 1036 568 1083 castris
588 1037 677 1100 agebat
692 1037 774 1084 Julius
786 1038 910 1087 Martialis
930 1038 1012 1088 tribu·

103 1127 163 1159 nus.
179 1111 220 1168 Ιι,
231 1108 406 1172 magnitudine
421 1109 499 1156 subiti
516 1107 633 1168 sceleris,
650 1124 682 1155 an
694 1121 813 1173 corrupta
825 1110 901 1159 latids
916 1124 1012 1170 castra,

105 1201 136 1232 ec
143 1223 151 1246 ,
163 1185 184 1232 si
195 1181 283 1234 contri
293 1181 426 1250 tenderet,
439 1181 543 1229 esitium
556 1192 686 1236 metuens,
698 1182 804 1244 praebuit
818 1183 943 1246 plerisque
954 1200 1014 1231 sus-

106 1258 234 1321 picionem
247 1254 416 1302 conscientia.
429 1251 605 1316 Anteposudre
621 1253 699 1299 ceteri
715 1269 814 1322 quoque
829 1243 939 1314 trtliuui,
952 1272 1015 1303 cen·

107 1330 285 1392 tutioresque,
296 1328 426 1390 presentia
439 1327 535 1388 dubiis,
546 1339 571 1374 et
583 1326 703 1376 honestis.
713 1328 786 1389 Isque
799 1326 898 1375 habitus
914 1328 1012 1378 auimo-
1061 1359 1069 1366 -

107 1420 167 1453 rum
181 1404 228 1451 suit
236 1439 244 1466 ,
261 1401 295 1450 ut‘
299 1403 438 1467 pessimum
453 1401 550 1451 lacinus
565 1402 688 1452 auderent
699 1403 774 1469 pauci
782 1439 789 1465 ,
807 1403 891 1466 plures
904 1403 1016 1461 vellent,

108 1492 200 1525 omnes
212 1486 368 1539 paterentur.

141 1547 241 1606 XXIX.
257 1546 364 1612 Ignarus
382 1548 483 1598 iuterim
502 1548 597 1608 Galba,
613 1560 640 1596 et
655 1550 729 1597 sacris
747 1549 874 1608 intentus,
892 1548 1013 1612 fatigabat
1037 1607 1040 1611 .

108 1620 186 1668 sileni
196 1621 245 1684 jaan
257 1621 356 1685 imperii
373 1619 433 1668 deos
445 1638 451 1668 ι
464 1636 542 1684 quum
553 1619 655 1672 affertur·
668 1638 770 1679 rumor,
784 1623 861 1687 (trapi
877 1623 904 1669 in
916 1635 1011 1685 costra,

105 1693 231 1743 incertum
243 1709 318 1756 quem
329 1705 473 1742 senatorem
484 1715 491 1756 ς
502 1711 562 1742 mor
573 1693 702 1742 Othonem
711 1711 772 1754 esse,
785 1698 828 1761 qui
839 1707 970 1760 reperetur
980 1712 1010 1743 s:

106 1768 183 1816 simul
194 1784 225 1815 ex
236 1766 287 1814 toti
296 1766 372 1826 urbe,
386 1766 527 1831 utquisque
537 1766 629 1814 obrius
639 1765 721 1816 luerat
730 1786 737 1832 5
747 1766 789 1815 alii
799 1768 962 1820 formidinem
970 1785 1014 1816 au.

105 1852 194 1904 gentes
209 1838 313 1903 quidam
325 1841 423 1888 minora
434 1855 510 1895 vero,
522 1855 555 1887 ne
573 1850 626 1887 torn
640 1840 744 1903 quidem
761 1840 835 1888 obliti
850 1840 1011 1889 adulationis.

106 1912 190 1977 Igitur
201 1913 401 1963 consultantibus
411 1913 522 1979 placuit,
535 1907 695 1977 «pertentari
707 1911 818 1960 animum
827 1906 948 1967 cohortis,
957 1907 1012 1975 quas

107 1986 243 2050 in‘palatio
252 1987 385 2048 stationem
396 1987 498 2050 agebam
512 2002 559 2034 nec
571 2003 616 2050 per
627 1986 711 2049 ipsum
726 1985 852 2048 Galbam,¹
865 1985 935 2045 euius
945 1986 1013 2031 ilite-
1038 1991 1047 1998 ”

108 2074 154 2123 gra
163 2060 298 2107 auctoritas
305 2060 441 2124 majoribus
452 2059 570 2107 remediis
580 2058 757 2107 serrabatur».
768 2055 826 2104 Piso
837 2073 883 2121 pro
893 2054 1012 2120 gradibus

108 2130 200 2181 domirs
207 2145 318 2194 vocatos,
328 2136 351 2182 iu
361 2135 426 2181 lruuc
434 2131 540 2180 modum
548 2131 680 2180 adlocutus
687 2139 735 2177 est:
745 2129 854 2179 «Sextus
862 2127 913 2192 dies
920 2131 1011 2194 agitur,

109 2200 1012 2270 commilitones,exquo,igrrarusluturi,etsireoptandumhocnomen‚

110 2277 163 2326 slve
178 2279 317 2329 timendum
332 2292 400 2336 erat,
416 2280 498 2328 Caesar
510 2278 621 2327 adscitus
638 2293 713 2326 sum:
729 2293 780 2340 quo
797 2274 889 2341 domds
904 2288 1014 2334 nostras,

106 2364 152 2401 sut
165 2354 306 2418 reipublicae
316 2354 367 2402 lato
375 2389 383 2413 ,
393 2354 419 2401 in
430 2352 514 2401 vestri
527 2369 604 2401 mauu
616 2353 726 2419 positum
738 2362 791 2399 est:
805 2349 856 2399 non
869 2352 940 2415 quia,
953 2366 1011 2398 meo
1042 2360 1045 2364 ’

75 2459 79 2464 .
103 2426 221 2485 nornine,
232 2428 370 2475 tristiorem
379 2423 464 2473 casum
475 2442 594 2491 paveam,
606 2427 687 2488 utqui
698 2424 813 2473 adversas
826 2442 866 2472 res
876 2436 1010 2488 expertus,
1081 2433 1085 2441 '

104 2514 184 2561 quum
197 2500 306 2548 maxime
326 2499 439 2559 discam,
456 2517 488 2548 ne
505 2499 627 2550 secundas
643 2498 746 2563 quidem
760 2496 842 2546 minin
857 2496 1011 2544 discriminis

105 2569 198 2620 habere
209 2591 214 2619 :
227 2574 307 2637 patris
314 2609 323 2638 ,
336 2585 362 2621 et
371 2572 488 2636 serraliis,
499 2585 524 2621 et
537 2576 616 2638 ipsius
626 2572 724 2636 imperii
737 2572 817 2619 vicern
830 2568 918 2624 doleo,
929 2573 951 2615 si
962 2586 1011 2615 no-

105 2642 147 2692 bis
163 2657 208 2692 aut
222 2645 304 2709 perire
323 2644 399 2694 hodie
414 2662 516 2695 necesse
534 2658 586 2709 est,
601 2655 659 2699 aut.
673 2642 742 2704 quod
755 2659 822 2705 reque
837 2639 905 2705 opud
917 2639 1010 2723 bonos,

106 2717 298 2772 miserenum,
312 2718 434 2767 occidetue
447 2718 570 2766 Solatium
582 2729 692 2779 proximi
685 2711 788 2759 motds
798 2710 983 2773 habebamus
976 2729 1012 2761 ιιι·
1063 2717 1068 2726 ’

107 2800 241 2837 cruentam
253 2789 349 2850 urbem,
362 2804 386 2841 et
396 2809 436 2840 res
445 2793 497 2840 sine
510 2786 635 2836 discordia
645 2786 785 2833 translatas.
796 2785 926 2831 Provisum
936 2749 1011 2851 adop.

79 2860 335 2918 ltionevidebatur
349 2877 418 2913 utne
426 2875 487 2929 ost
498 2861 606 2912 Galbam
620 2858 723 2922 quidem
734 2858 802 2906 bello
813 2857 883 2904 locus
895 2868 970 2904 esset

136 2929 220 2980 XXX.
231 2933 325 2982 »Nihil
336 2937 457 3001 arrogabo
468 2933 697 2992 mihinobilitatis,
711 2944 754 2979 aut
770 2928 914 2978 modestiae:
928 2946 1007 2995 neque
1032 2927 1036 2932 ’

74 3043 76 3046 -
105 3022 175 3054 emm
186 3007 267 3053 relatu
278 3020 402 3058 virtutum
408 3005 785 3073 ,incomparationeOtlron‘ts,
797 3017 917 3069 opusest.
929 3006 1008 3066 Vitia,

104 3080 198 3143 quibus
213 3081 275 3128 solis
289 3084 422 3146 gloriatur,
433 3084 546 3135 evertere
558 3085 708 3148 imperium,
719 3083 795 3128 etiam
810 3096 888 3143 quum
900 3080 1008 3127 amicum

101 3152 261 3215 imperatoris
273 3169 367 3220 ageret.
378 3158 507 3205 Habitune
521 3167 545 3203 et
559 3156 672 3211 incessu,
682 3172 713 3201 au
724 3155 768 3201 illo
777 3153 893 3201 muliebri
905 3163 1008 3210 orrmtu,

99 3237 243 3274 mereretur
258 3226 416 3294 imperium?
430 3230 581 3285 Pelluntur,
596 3227 687 3290 quibus
702 3227 803 3274 luxuria
818 3225 900 3291 speeie
913 3226 1007 3271 liber-a

98 3296 204 3347 litatis
197 3303 316 3364 imponit.
328 3302 456 3351 Perdere
450 3313 496 3350 rste
515 3303 594 3363 sciet,
607 3299 698 3347 donare
712 3302 815 3348 nesciet
831 3299 924 3360 Stupra
941 3311 1007 3342 nunc

97 3380 126 3422 st
135 3369 344 3437 comissationes,
357 3385 382 3426 et
396 3373 545 3424 seminarum
557 3383 649 3435 coetus,
666 3370 745 3422 volvit
758 3372 858 3488 ruimo3:
873 3368 924 3416 hac
934 3366 1008 3433 prin-e
