2234 3817
102 97 136 150 tt
406 108 443 148 ‚o
465 101 558 152 tour.
580 103 693 148 rscrrr

88 192 268 254 shstinerent,
281 191 355 243 sirius
366 192 455 242 animis
462 194 611 259 moerebant.
624 191 701 243 Forte
711 192 880 258 negotiatores
885 193 1010 256 ‚uirenti
1021 209 1024 216 '

98 263 183 314 sdhue
192 264 356 326 Germanico,
368 264 442 332 Syris
451 266 556 331 egressi,
568 266 665 315 letiora
674 265 705 314 de
715 266 858 316 valetudine
868 267 923 333 ejus
933 277 1010 318 attin

98 340 152 390 lere
169 342 274 391 :stetim
288 342 400 402 credits,
415 342 501 392 statim
517 343 620 407 uulgata
636 354 695 391 sunt
708 333 757 391 :ut
772 343 879 407 quisque
895 343 1009 404 obvius,

99 414 216 478 quamvis
232 414 321 463 leviter
336 414 435 476 audita,
450 415 477 461 in
491 413 570 470 alios,
583 424 658 476 etque
672 413 710 462 illi
724 414 750 461 in
760 415 858 478 plures,
879 414 1010 465 cumulata

98 484 209 549 gaudio,
221 485 374 544 trsnsferunt
385 503 392 534 ι
402 497 505 534 cursant
515 501 560 551 per
573 486 678 559 urbem,
692 486 833 535 moliuntur
848 487 1005 552 templorum

97 557 166 607 fores
175 577 181 606 :
191 556 257 622 juvit
270 557 445 609 credulitatem
456 569 518 618 nox,
531 568 557 606 et
568 557 709 624 promptior
720 559 787 606 inter
800 559 916 608 tenebras
926 559 1020 612 sdlir·.

96 632 185 683 mitio.
199 632 252 682 Nec
264 634 362 684 obstitit
373 633 442 684 falsis
456 632 590 694 Tiberius,
604 633 684 688 donec
698 645 812 699 tempore
828 650 858 681 ac
868 634 950 700 spatio
964 652 1008 685 vs·

96 723 236 758 nescerenr.
247 710 281 757 Et
289 709 398 776 populus
409 711 480 774 quasi
489 724 589 758 rursum
597 719 713 774 ereptum
721 706 803 757 rcriris
812 707 905 757 doluit.

127 783 276 834 LXXXIII.
286 786 416 843 Honores,
427 781 455 834 ut
465 787 521 850 quis
530 789 617 834 amors
625 785 650 832 in
661 783 840 834 Germanicum
849 796 894 833 aut
903 785 1009 850 ingenio

96 854 207 916 ualidus,
220 860 327 924 reperti,
341 858 498 921 decretique,
512 869 563 907 (rut
572 873 664 906 nomen
676 857 729 921 ejus
741 858 830 906 Saliari
842 858 952 906 carmine
963 874 1010 907 cs-

96 946 200 986 neretur
213 954 218 984 :
231 936 302 985 sedes
313 936 412 986 curules
423 935 585 985 sacerdotum
597 934 775 999 Augustalium
786 933 864 991 locis,
881 951 1008 999 superque

96 1023 139 1056 ers
151 1027 247 1075 querere
257 1028 355 1061 coronre
367 1023 537 1061 statuerentur
550 1029 556 1059 ι
570 1009 645 1059 ludos
658 1009 789 1059 Circenses
802 1010 901 1057 eburna'
912 1008 1006 1073 effigies

49 1134 59 1141 ,
96 1085 212 1147 praeiret:
224 1100 289 1132 neve
303 1087 359 1147 quis
373 1087 465 1133 flumen
481 1096 524 1133 aut
542 1081 664 1149 augur‘in
678 1085 764 1134 locum
781 1084 925 1133 Germanici
935 1120 942 1144 ‚
953 1084 1008 1133 nisi

95 1158 178 1221 gentis
186 1156 265 1220 Julire,
273 1170 428 1206 crearetur».
438 1158 603 1209 Arcusadditi
610 1160 704 1219 Romae,
711 1171 736 1207 et
745 1158 813 1224 spud
822 1159 902 1223 ripam
909 1156 1005 1216 Rheni,

98 1240 122 1277 et
133 1229 159 1277 in
169 1241 257 1279 monte
269 1233 345 1298 Syriae
355 1238 470 1290 Amano,
481 1249 538 1282 eum
552 1235 719 1299 inscriptione
730 1245 963 1297 rerumgestarum,
976 1231 1005 1279 ac
1024 1233 1028 1240 ⁴

98 1312 209 1353 mortem
230 1305 264 1356 ob
286 1299 479 1375 rempublicam
497 1307 618 1359 obiisse:
633 1309 777 1371 sepulcrum
797 1303 939 1356 Antiochia
960 1303 1005 1354 ubi

97 1387 222 1425 crematus
232 1395 238 1425 z
249 1378 359 1427 tribunal
369 1376 591 1444 Epidaphnre‚'quo
599 1380 625 1427 in
635 1379 692 1426 loco
701 1382 778 1426 ritarn
786 1379 1006 1444 finieratrStstna-

97 1465 154 1498 rum
170 1451 334 1508 locorumve,
352 1453 450 1515 inquis
466 1455 609 1514 coleretur,
625 1452 691 1501 hsud
709 1452 780 1500 facile
796 1452 853 1516 quis
870 1455 1005 1502 numerum

96 1522 190 1572 inierit.
202 1525 288 1586 Quum
298 1538 443 1574 censeretur
455 1528 573 1594 clypeus,
587 1543 648 1576 auro
659 1539 687 1575 et
695 1525 868 1592 magnitudine
881 1529 1001 1592 insignis,
1028 1537 1030 1540 ’

17 1605 24 1615 ·
38 1633 42 1640 .
95 1594 163 1643 inter
177 1606 291 1646 rumores
309 1591 457 1661 eloquentiae
465 1602 648 1659 „adseveravit
661 1601 796 1663 Tiberius,
811 1603 942 1652 «solitum
957 1619 1005 1667 pn·

94 1684 198 1733 remque
208 1672 297 1719 ceteris
307 1669 468 1720 dicaturum:
483 1683 564 1738 neque
577 1676 645 1724 enim
653 1677 825 1740 eloquentiam
834 1676 942 1725 torrent
950 1676 1003 1725 dis-

99 1745 186 1808 cerni,
204 1757 228 1791 et
245 1748 303 1793 setis
319 1745 434 1806 illustre,
452 1748 587 1797 siveteres
601 1752 668 1798 inter
683 1752 817 1816 scriptores
829 1750 962 1798 haberetur
972 1766 999 1799 u.

93 1817 214 1880 Equester
223 1817 287 1867 ordo
301 1838 413 1872 cuneum
423 1824 581 1874 Germanici
593 1825 740 1891 appellavit,
753 1825 795 1888 qui
806 1828 826 1875 J
828 1828 949 1875 seniorum
958 1822 1001 1870 di·

93 1889 211 1958 rebatur,
221 1893 380 1959 instituitque
388 1895 426 1944 uti
436 1907 524 1945 turmae
532 1896 619 1946 idibus
627 1901 640 1946 J
643 1900 699 1947 uliis
707 1899 844 1964 imaginem
853 1898 905 1963 eins
912 1913 1002 1960 seque·
1024 1905 1028 1911 “

92 1977 200 2015 rentur:
214 1967 332 2032 pleraque
340 1980 444 2018 manent
456 1988 462 2018 :
474 1967 587 2036 quaedam
599 1973 685 2022 stetim
697 1973 787 2021 onrissa
803 1985 876 2033 sunt,
890 1983 934 2020 sut
951 1987 1001 2022 ve-

92 2041 343 2092 trrstnroblitterrvit.

125 2114 270 2169 LXXXIV.
284 2115 401 2167 Ceterirm
413 2122 509 2170 recenti
524 2122 607 2172 adbuc
619 2120 754 2183 moestitiis,
772 2136 843 2170 soror
854 2112 999 2172 Germanici
1025 2125 1031 2134 ⁷

90 2183 179 2249 Livia,
197 2200 277 2251 nupta
291 2191 391 2250 Druso,
407 2191 471 2240 duos
494 2196 575 2244 virilis
597 2195 669 2242 sextis
688 2195 765 2242 simul
777 2195 916 2244 enixa‘est:
931 2195 1001 2259 quud

90 2259 317 2321 rarumlntumque
326 2262 401 2308 etiam
410 2265 517 2312 modicis
523 2265 670 2329 penatibus,
683 2276 752 2314 tanto
759 2266 850 2330 'gaudio
857 2269 1000 2334 principem
1023 2274 1027 2281 ’

90 2328 193 2387 sdlecit,
202 2341 285 2378 utnon
294 2337 477 2397 temperaverit,
487 2339 547 2400 quin
558 2341 662 2403 jactaret
669 2327 739 2405 bpud
749 2353 839 2405 patres,
846 2344 929 2391 «nulli
939 2352 997 2390 ante

90 2405 276 2466 Romanorum,
287 2405 400 2469 ejusdem
411 2407 503 2477 lastigii
515 2415 570 2462 viro
579 2452 586 2473 ,
596 2416 724 2478 geminam
732 2422 837 2482 stirpem
851 2416 942 2466 editam
956 2434 972 2464 n
985 2433 994 2464 z
1021 2429 1025 2434 ·

90 2494 150 2527 nam
161 2490 265 2541 cuncte,
278 2484 353 2532 etiam
364 2482 477 2542 fortuita.
488 2487 522 2536 ad
535 2489 641 2553 gloriam
651 2495 775 2542 vertebat.
784 2492 833 2542 Sed
845 2491 937 2557 populo
949 2489 994 2539 teli

89 2552 118 2601 in
130 2565 242 2620 tempore
252 2556 280 2604 id
288 2573 387 2622 quoque
398 2559 512 2610 dolorem
522 2565 596 2628 tulit3
608 2576 728 2629 tanquam
738 2579 826 2617 suctus
836 2568 921 2616 liberis
928 2564 994 2615 Dru-

88 2643 131 2675 sus
143 2628 249 2677 domum
260 2632 406 2681 Germanici
419 2637 498 2700 magis
509 2651 619 2702 urgeret.

121 2700 366 2756 LXXXVqudem
381 2728 447 2760 suno
460 2714 578 2778 gravibus
592 2713 694 2763 senariis
710 2714 816 2764 decretis
826 2715 910 2763 libido
925 2713 998 2764 lemi-

88 2792 179 2825 ΜΠ)
193 2781 316 2838 metella·
334 2791 500 2850 cautumque,
513 2806 528 2837 (r
537 2806 568 2836 ne
579 2792 701 2852 questum
717 2797 820 2852 corpore
835 2789 941 2846 faceret,
953 2783 998 2834 cui

89 2864 217 2908 uvusssut
228 2866 313 2919 pater,
327 2867 370 2902 aut
383 2860 486 2907 maritus
499 2876 574 2922 eques
588 2864 713 2910 Romanus
728 2862 813 2907 fnisset
822 2877 853 2907 »r
868 2878 925 2908 nam
935 2861 997 2907 Vis·

87 2925 143 2971 tilis
159 2925 273 2989 praetorii
288 2925 382 2974 tamtt'rt
397 2931 496 2989 genita,
505 2933 634 2980 licentiam
646 2923 724 2997 stupri
736 2931 801 2995 apud
811 2931 895 2978 ediles
908 2933 996 2995 vulga-

88 3007 175 3076 ⁴verut3
188 3011 258 3043 more
271 2999 336 3045 inter
348 3010 445 3049 veteres
457 3018 574 3071 recepto,
587 3013 631 3073 qu'r
643 3013 702 3059 saris
714 3023 843 3073 poenarum
858 3005 995 3055 adr-ershm

86 3066 227 3130 impudicas
246 3071 270 3116 io
287 3071 339 3134 ipit
357 3072 510 3135 professione
526 3080 615 3148 flagitii
629 3083 765 3131 credebant
779 3099 784 3127 ε
798 3092 917 3132 erectum
934 3093 961 3128 et
979 3079 995 3128 d

85 3139 183 3187 Titidio
193 3140 323 3201 Labeone,
334 3146 437 3195 Vistiliae
447 3152 551 3208 marito,
565 3171 580 3199 n
590 3171 635 3202 cur
643 3157 668 3203 in
680 3172 757 3203 uxore
766 3154 851 3203 delicti
862 3153 995 3203 maritent

87 3213 212 3290 ultionem
235 3217 295 3281 legis
316 3221 442 3270 omisisset
455 3222 572 3294 datque
593 3231 642 3278 ille
658 3233 845 3293 Jiroetendrnre
866 3230 994 3292 sexaginta

87 3283 156 3342 dies,
169 3284 407 3340 adcensultandum
419 3295 504 3354 (latos,
517 3300 626 3346 necdum
639 3304 792 3364 prestetisse,
806 3323 820 3352 u
835 3307 895 3354 satis
911 3305 1006 3350 risum¹

86 3354 117 3404 de
126 3358 225 3412 Vistilil
233 3373 340 3414 statuere
351 3382 357 3414 ι
367 3380 445 3431 eaque
455 3370 479 3417 in
491 3370 599 3421 insulem
609 3374 730 3442 Seriphon
740 3378 826 3430 abdita
838 3391 885 3430 est.
894 3379 989 3429 Actum
