2234 3817
155 150 193 202 '32
478 165 503 204 c.
521 166 615 200 coru.
634 164 749 199 escrrr

165 256 300 298 occursant
309 262 315 293 :
324 243 509 312 permiscentur
518 246 584 293 inter
595 261 621 292 se
630 244 754 309 manipuli
763 281 770 298 .
780 244 857 292 ηιοιὶὸ
868 258 987 310 pectore,
997 248 1092 298 modd

164 337 208 369 ote
220 332 293 369 tenus
305 328 444 372 exstantes,
457 317 592 380 aliquando
605 317 734 364 subtracto
744 318 798 365 solo
809 317 906 380 disiecti
918 332 962 365 aut
972 317 1073 368 obruti
1086 339 1092 369 :

160 411 217 443 ‘non
228 410 290 454 vox,
299 404 324 441 et
333 392 416 440 mutui
425 390 676 452 liortstnsjuvabant,
686 390 835 440 adversante
846 392 911 440 uudai
922 411 927 439 :
937 393 1005 440 nihil
1020 406 1094 442 stre·

164 482 232 518 uuus
244 466 275 513 ab
291 468 393 528 ignavo,
405 464 503 527 sapiens
515 464 546 510 nb
558 463 727 527 imprudenti,
740 466 842 511 consilia
857 462 872 511 ir
884 480 941 512 casu
958 465 1070 515 differre
1083 481 1090 513 τ

166 552 256 591 cuncte
267 540 322 604 pari
333 537 454 586 violentiis
464 529 666 584 involvebantur.
677 536 792 585 Tandem
804 536 922 585 Vitellius
931 539 957 585 in
968 538 1087 589 editiora

163 614 265 673 enisus,
281 610 372 660 elidem
389 627 478 675 agmen
493 608 630 658 subduxit:
646 610 823 675 pernoctavere
841 611 894 659 sine
909 613 1086 666 utensilibus,

138 693 153 704 ‘
165 689 218 740 sine
227 685 289 750 igni,
301 701 390 749 magna
401 701 459 751 pars
468 682 592 732 nudoaut
601 679 713 732 mulcato
722 697 842 749 corpore3
854 683 922 732 baud
932 684 1020 734 mimis
1031 690 1086 735 mi.

163 758 298 818 serabiles,
312 757 387 824 quim
402 775 466 822 quos
479 757 560 806 bostis
571 756 752 807 circumsidet:
767 759 859 824 quippe
874 759 923 820 ulis
934 761 1014 808 etiarn
1027 760 1083 809 ho-

161 819 239 883 nest'oe
251 833 341 882 mortis
350 849 425 897 usus3
439 830 479 879 his
490 831 627 898 inglorium
641 830 747 879 exitium
762 847 768 877 z
779 830 824 879 lux
834 831 948 880 reddidit
960 845 1061 882 terram
1072 848 1081 894 5

163 917 372 973 penetratumque
380 904 411 953 ad
419 906 658 969 amnemVisnrgim,
666 903 803 967 qudCaesar
812 905 889 954 classe
896 908 1081 957 contenderat:

163 981 287 1048 impositu
298 979 389 1029 deinde
398 980 524 1047 legiones,
536 989 642 1043 vagante
652 975 718 1026 iamai
730 978 886 1029 submersas:
901 980 1023 1046 neelfides
1032 999 1082 1031 aa·

166 1057 237 1110 lutis,
248 1067 383 1116 antequam
395 1068 511 1103 caesarem
525 1053 712 1115 exercitumque
722 1045 843 1101 reducem
852 1053 944 1102 ridere.

191 1125 289 1174 LXXI.
302 1126 357 1174 Jam
370 1124 505 1174 Stertinius
519 1124 551 1172 ad
564 1124 737 1190 accipiendum
749 1126 776 1174 'ru
788 1125 945 1176 deditionem
955 1126 1081 1190 Segime-

161 1214 218 1260 rnm
236 1197 339 1246 fratrem
354 1196 462 1260 Segestis
472 1201 631 1261 premissus,
647 1199 730 1264 ipsum
745 1199 864 1248 etlilium
879 1200 933 1259 eins
947 1200 1075 1247 incivita-

161 1283 213 1321 tem
226 1272 350 1319 Ubiorum
364 1267 516 1336 perduxerat
532 1285 538 1314 :
554 1268 613 1315 data
627 1272 727 1333 utrique
738 1273 810 1320 venia
821 1307 828 1330 ,
841 1271 914 1321 facite
926 1273 1072 1337 Segimero,

160 1341 323 1394 cunctantius
337 1344 390 1392 filio
402 1360 407 1390 :
424 1342 482 1406 quia
493 1340 627 1401 Quinctilii
636 1343 698 1389 Vari
708 1361 799 1408 eorpus
809 1345 918 1395 illusisse
927 1346 1072 1399 dicebatur.

162 1419 280 1477 Ceterum
288 1415 464 1484 adsupplenda
472 1415 594 1464 exercitiis
601 1413 692 1463 damna
698 1417 921 1468 certavereGalliae
935 1420 1075 1486 Hispaniae,

161 1491 234 1540 ltalia
242 1512 250 1559 3
259 1491 327 1556 quod
337 1492 427 1555 cuique
438 1500 601 1556 promptum,
610 1506 688 1545 uma,
701 1506 789 1553 equos,
799 1508 887 1540 aurum
897 1530 904 1553 ‚
918 1510 933 1541 ο
953 1506 1050 1546 erentes
1062 1512 1070 1543 ι

110 1563 116 1566 ”
162 1565 384 1634 qnorumlrndato
392 1562 478 1613 studio
488 1565 670 1627 Germanicus,
678 1565 755 1622 umis
763 1565 841 1616 modi)
853 1578 880 1616 et
889 1568 962 1636 equis
969 1569 1001 1617 ab
1008 1567 1069 1616 hel-

160 1639 215 1689 lum
227 1639 345 1704 sumptis,
355 1636 457 1704 proprii
469 1636 576 1703 pecuniis
586 1637 694 1686 militem
704 1638 777 1700 juvit.
788 1640 873 1705 thue
883 1641 962 1692 cladis
969 1659 1072 1708 memo·

160 1715 226 1761 tiam
236 1714 313 1761 etiam
322 1713 442 1766 comitate
453 1711 553 1769 leniret,
567 1713 701 1761 circumire
713 1715 826 1779 saucios3
837 1715 903 1770 lucta
914 1717 1072 1781 singulorum

162 1787 297 1846 extollere,
309 1787 414 1835 vulnera
425 1785 537 1843 intuens,
551 1784 630 1834 alium
642 1802 699 1851 spe,
713 1786 791 1835 alium
802 1788 897 1852 glomi,
910 1800 1011 1838 cunctos
1023 1789 1069 1840 al-

160 1861 248 1925 loquin
260 1872 286 1907 et
296 1858 355 1908 curi
365 1895 372 1917 ,
384 1857 481 1921 sibique
492 1869 517 1907 et
526 1853 613 1924 praelio
626 1858 751 1909 firmabat.

156 1943 158 1948 '
191 1932 300 1984 LXXII,
319 1932 423 1980 Decreta
437 1948 467 1979 eo
481 1948 547 1980 anno
564 1932 727 1998 triumphalia
740 1930 848 1997 insignia
858 1930 892 1981 A.
903 1932 1019 1992 cecina,
1030 1933 1065 1984 L.

145 2006 286 2074 ’'Apronio,
299 2005 328 2057 (l.
342 2006 418 2062 Silio,
431 1993 464 2054 ob
476 2020 516 2053 res
528 2020 588 2052 cum
599 2005 753 2054 Germanico
765 2017 858 2069 gestas.
871 2007 969 2055 Nomen
975 2012 1067 2073 patris

155 2083 257 2147 pairioe
266 2080 383 2129 Tiberius
394 2077 408 2125 'a
419 2079 515 2144 populo
525 2075 614 2142 sepitis
624 2079 764 2142 ingestum,
774 2078 919 2142 repudiarit
932 2097 938 2127 :
948 2096 1028 2144 neque
1038 2085 1066 2130 iu

158 2165 277 2206 sctn‘sua
291 2151 384 2216 jurari,
396 2167 540 2215 quanquam
555 2162 675 2199 censente
692 2162 797 2207 senatu,
808 2154 921 2216 permisit
933 2171 939 2200 :
951 2172 966 2202 u
975 2168 1065 2205 cuncta
1108 2155 1109 2182 ³

158 2228 308 2286 mortalium
320 2225 416 2272 incerte
426 2257 432 2277 ‚
444 2224 589 2285 quantisque
601 2224 658 2285 plus
672 2223 779 2287 adeptus
797 2223 877 2282 leret,
887 2227 958 2275 tsntd
970 2244 995 2277 se
1004 2245 1064 2276 ma-

158 2300 197 2364 gis
209 2300 235 2346 in
252 2298 350 2345 lubrico
359 2313 375 2343 n
393 2294 492 2342 dictans
509 2311 516 2340 ε
534 2310 586 2341 non
602 2305 687 2343 tamen
701 2295 760 2343 ideo
774 2296 880 2347 iaciebat
894 2298 970 2348 fidem
982 2299 1064 2349 civilis

157 2371 237 2421 enimi
248 2389 253 2417 :
265 2385 324 2417 unm
334 2369 416 2433 legem
428 2365 566 2429 maiestatis
574 2367 722 2435 reduxerat3
737 2370 879 2421 cuinnmen
889 2372 955 2438 apud
963 2362 1064 2422 reseres

156 2443 226 2496 idem
234 2479 241 2502 ,
250 2441 295 2492 sed
304 2442 352 2491 alis
359 2444 383 2490 iu
393 2439 672 2508 judiciumveniebant:
682 2443 705 2491 si
712 2445 769 2507 quis
774 2444 919 2511 proditione
924 2446 1062 2494 exercitum
1107 2485 1108 2490 ,

156 2529 202 2568 aut
212 2518 314 2583 plebem
323 2514 502 2574 seditionibus,
517 2513 627 2581 donique
641 2518 706 2566 mule
723 2519 792 2582 gesti
804 2521 894 2586 repub.
908 2516 1063 2582 majestatem

156 2592 247 2658 populi
253 2592 362 2641 Romani
372 2589 517 2640 minuisset:
531 2588 598 2642 laeta
607 2592 786 2656 arguebantur,
796 2592 863 2641 dicta
872 2591 972 2659 impuub
980 2606 1064 2647 erant.

157 2668 258 2716 Primus
266 2664 395 2733 Angustus
402 2666 573 2729 cognitionem
582 2665 614 2713 de
621 2663 723 2714 lamosis
732 2665 836 2721 libellis,
845 2668 928 2731 specie
937 2665 1000 2730 legis
1008 2668 1064 2730 ejus

158 2740 274 2788 tractavit
288 2752 430 2790 commotus
445 2739 524 2787 Cassii
536 2739 622 2787 Severi
633 2738 754 2795 libidine,
768 2736 816 2800 quii
831 2739 900 2787 viros
910 2739 1063 2805 feminasque
1106 2737 1107 2796 i

156 2813 266 2863 illustres
278 2813 424 2878 procacibus
435 2813 536 2876 scriptis
547 2811 721 2868 diffamaverat
732 2829 738 2859 :
750 2826 810 2859 mox
816 2811 948 2868 Tiberius,
963 2816 1066 2862 consul·
1105 2815 1106 2874 l

154 2898 226 2936 tante
234 2887 357 2951 Pompeio
368 2887 454 2934 Macro
465 2896 587 2952 praetore,
604 2903 659 2936 (tan
672 2883 763 2948 judicia
775 2881 911 2944 majestatis
922 2880 1065 2936 redderen-
1104 2893 1106 2956 j

154 2958 218 3006 turl
232 2957 382 3007 exercendas
392 2958 460 3020 leges
472 2947 550 3005 essen
568 2958 706 3024 respondit.
717 2954 791 3003 Hunc
803 2967 904 3016 quoque
914 2959 1064 3020 asperavere
1104 2963 1106 2994 l

155 3031 281 3086 carmina,
300 3030 403 3079 incertis
416 3029 561 3079 auctoribus
574 3033 691 3096 vulgata,
700 3031 727 3079 in
738 3027 858 3079 sevitiam
869 3027 1065 3100 superbiamque
1104 3013 1106 3102 l

155 3102 226 3171 ejus,
239 3113 265 3152 et
281 3100 422 3151 discordem
434 3084 720 3154 cundnaneanimum.

118 3198 128 3204 ·
187 3175 311 3228 LXXlll.
324 3175 400 3226 Hsud
411 3176 507 3240 pigebit
518 3177 611 3226 referre
624 3178 650 3224 in
661 3178 781 3238 Palanio,
792 3188 820 3226 et
829 3174 945 3237 Rubrio,
956 3177 1062 3230 modicis

153 3250 282 3312 equitibus
290 3248 577 3313 Romanis,pretentstn
586 3250 706 3318 crimina5
719 3264 748 3300 ut
756 3286 764 3310 ,
773 3251 867 3315 quibus
876 3249 964 3309 initiis,
971 3256 1063 3314 quante

154 3321 1061 3391 Tiberiisrte‚grnvissimumeritiumirrepserit‚deinrepressumsitpos-

156 3390 245 3442 tremd.
251 3394 354 3455 arcuit,
360 3403 498 3457 cuncteque
504 3395 658 3460 corripuerit
664 3430 672 3455 ,
679 3407 809 3450 noscatur.
819 3397 925 3448 Fanalio
931 3396 1063 3462 objiciebat
