2234 3817
64 83 119 140 tit<
377 99 403 139 c.
425 99 518 138 conr.
540 94 655 159 sacrus

63 175 492 248 tribunorumqusetcenturionum
500 183 588 248 pauci,
598 196 684 231 secum
694 177 843 249 introirent,
853 182 979 248 quotiens

64 258 161 307 curiam
177 248 375 322 ingrederetur»
386 273 392 304 ε
406 253 521 319 factoque
531 255 612 318 large,
627 264 653 301 et
666 255 719 303 sine
731 257 918 322 prascriptione
928 271 975 320 ge-

64 332 149 390 nnerit,
162 332 327 390 autumari,
341 329 560 379 senatusconsulto
566 363 574 387 ,
585 345 617 377 ne
626 339 692 377 tecta
700 328 803 393 quidem
813 331 898 391 urbis,
909 328 973 378 adeo

51 438 53 443 -
64 404 196 471 pubiicum
207 405 343 454 consilium
353 419 484 468 nunquam
496 402 573 460 adiit,
589 401 669 453 deviis
679 403 831 470 plerumque
840 402 973 455 itineribus
1017 424 1025 431 ·

66 478 197 544 ambigens
208 479 316 545 patriam
328 489 353 528 et
361 477 500 526 declIuanr.

99 550 173 601 XVI.
185 552 383 617 intersitneque
395 552 433 600 vis
444 560 620 600 accusatorum
629 551 657 600 irr
668 565 712 598 eos
722 550 829 618 irrupit,
842 550 886 616 qni
897 563 977 615 pecu·

67 624 123 676 uias
134 624 228 675 foenore
238 627 410 685 auctitabant,
422 623 557 673 adversum
565 625 650 689 legem
659 624 791 674 dictatoris
798 625 915 686 Casaris,
927 620 978 687 qut

71 696 124 745 ode
132 697 209 747 modo
217 698 352 757 credendi,
364 695 560 763 possidendique
569 697 634 745 intra
643 697 743 746 Italiam
751 712 765 744 n
773 707 890 760 caretur-3
900 694 980 745 omis·

68 785 123 819 sam
133 771 211 829 olim,
223 772 282 835 quia
295 772 395 837 privato
405 768 464 818 usui
474 767 572 819 bonum
583 769 716 834 publicum
729 770 901 836 postponitur.
913 766 979 817 Sani
1062 824 1067 829 ¹

69 853 143 890 vetus
153 843 211 892 urbi
222 843 456 903 foenebre'malum,
470 852 496 890 et
511 839 666 890 seditionum
677 841 909 907 discordiarumque
921 857 979 892 cre·

68 915 180 965 berrima
196 933 270 966 causa
286 935 293 966 r
308 916 388 981 eique
403 913 585 975 cohibebatur,
602 916 711 980 antiquis
722 932 836 980 quoque,
850 928 877 965 st
891 913 978 964 miraris

69 992 196 1057 corruptis
211 991 336 1041 moribus.
351 989 418 1039 Nam
431 986 513 1054 primb
527 988 664 1039 duodecim
676 990 770 1038 tabulis
782 1001 910 1044 sanctum,
920 1003 977 1037 ane

69 1064 127 1125 quis
135 1066 249 1113 unciario
260 1065 355 1114 foenore
366 1059 475 1129 amplius
482 1075 646 1122 exerceretu,
657 1080 735 1128 quum
745 1075 818 1113 autea
827 1080 858 1112 sn
867 1061 975 1112 libidine
1053 1120 1055 1123 v

69 1135 237 1201 locupletium
249 1140 386 1203 agitaretur
399 1154 405 1183 :
420 1135 479 1187 delta
489 1138 620 1201 rogatione
634 1138 780 1196 tribunitii,
792 1137 826 1187 ad
834 1135 977 1187 semuncias

68 1207 187 1259 redacta:
204 1210 335 1276 postremi>
347 1210 426 1259 vetita
435 1224 547 1259 versura:
559 1211 697 1276 multisque
707 1211 788 1278 plebis
797 1212 866 1260 scitis
875 1208 979 1258 ebriam

70 1281 136 1330 itum
147 1281 293 1344 fraudibus,
303 1301 357 1349 quae
363 1285 590 1350 totiensrepressae‚
595 1286 672 1334 miras
678 1301 723 1351 per
729 1298 794 1335 artes
800 1301 900 1335 rursum
908 1284 983 1333 orle-

70 1353 983 1422 bantur.SedtumGracchuspraetor,cuieaquastioereneratmnltitu-
1022 1395 1024 1397 -

72 1428 134 1477 dine
145 1429 342 1493 periclitantium
352 1430 485 1489 subactus,
497 1431 586 1479 retulit
595 1430 768 1481 adsecutum:
779 1433 924 1499 trepidique
933 1449 982 1499 ps·

71 1509 123 1548 tres
130 1499 219 1564 (neque
226 1505 294 1555 enim
302 1505 434 1568 quisquam
443 1504 486 1551 tali
494 1501 569 1569 culpi
574 1503 679 1570 vacuus)
686 1504 785 1555 veniam
791 1503 806 1552 'a
812 1506 927 1574 principe
933 1522 982 1572 pe·

71 1568 730 1642 tivdre:etconcedente,aunusiuposterum,sexquc
738 1578 903 1643 mensesdrti,
911 1577 979 1642 quis,

72 1644 211 1695 secundum
223 1646 290 1713 jussa
303 1649 382 1714 legis,
395 1649 506 1699 rationes
517 1650 653 1701 familiares
664 1653 770 1716 quisque
783 1659 975 1717 componerent.

101 1717 186 1769 XVII.
202 1722 270 1772 Hinc
279 1723 364 1790 inopia
375 1725 413 1773 rei
431 1725 598 1786 nummaria,
616 1737 744 1775 commoto
764 1726 840 1774 siurrd
861 1722 976 1772 omnium

73 1800 121 1839 ere
134 1792 216 1842 alieno
229 1812 237 1861 ς
251 1806 278 1849 et
295 1799 369 1862 quia,
385 1808 424 1846 tot
435 1797 578 1865 damnans,
590 1799 712 1864 bonisque
724 1811 812 1847 eorum
824 1794 976 1852 divenditis,

72 1865 199 1930 signatrun
213 1884 347 1936 argentum
360 1872 421 1921 fisco
435 1873 475 1922 vel
491 1874 579 1922 aerario
591 1875 762 1924 attinebatur:
774 1871 865 1930 adhoc
876 1863 981 1920 senatus

72 1942 274 2008 praescripserat*
283 1944 365 1999 «duas
377 1946 482 2013 quisque
496 1944 601 1996 foenoris
612 1958 697 2012 partes
709 1947 736 1994 in
751 1949 817 2013 agris
826 1962 871 2012 per
880 1943 984 1993 ltaliam

73 2013 210 2067 collocaret
219 2037 244 2069 u.
254 2016 451 2073 Sedereditores
461 2020 608 2070 insolidum
617 2021 795 2088 sppellabant:
805 2035 852 2069 uec
863 2019 985 2068 decorum

75 2090 211 2153 appellatis
217 2128 224 2152 ,
234 2093 347 2144 minuere
358 2094 444 2145 fidem.
453 2096 493 2144 Ira
500 2093 584 2160 primb
593 2096 769 2152 concursatio,
779 2105 913 2159 etpreces5
925 2089 985 2138 dein

77 2172 188 2228 strepere
197 2168 311 2230 praetoris
320 2168 443 2221 tribuual:
452 2185 544 2232 esque,
555 2170 609 2232 qu}
616 2167 730 2216 remedio
737 2169 851 2231 quaesita,
861 2166 985 2228 venditio,

75 2244 102 2283 et
111 2239 218 2301 emptio,
231 2238 257 2285 in
266 2230 419 2289 contrarium
431 2243 525 2291 mutari
531 2261 540 2301 3
550 2242 610 2306 quia
619 2239 781 2290 foeneratores
792 2255 895 2288 omnem
905 2256 983 2304 pecm

75 2309 145 2359 niam
156 2311 295 2359 mercandis
306 2315 371 2377 agria
383 2314 559 2367 condiderant.
571 2314 677 2378 eopiam
691 2309 816 2360 vendendi
828 2311 912 2358 securri
924 2312 982 2358 viti-

76 2393 142 2438 tate,
155 2383 248 2445 quantb
259 2386 315 2448 quis
326 2389 457 2439 oberatior
465 2401 479 2449 ,'
485 2388 575 2456 aegrius
586 2384 775 2448 distrahebant5
789 2383 914 2446 multique
926 2381 981 2429 lor·

79 2455 147 2503 turris
157 2458 373 2520 provolvebantur
381 2480 387 2510 :
396 2465 495 2514 eversio
503 2465 540 2514 rei
550 2458 680 2514 familiaris
691 2454 839 2520 dignitatern
850 2470 879 2504 ac
886 2454 981 2503 famam

76 2537 186 2596 pracepa
198 2529 274 2581 dabat
290 2550 296 2580 z
313 2533 393 2585 donec
410 2538 469 2587 tulit
481 2540 557 2604 opem
575 2538 669 2589 Caesar,
684 2527 809 2594 disposito
822 2546 869 2595 per
882 2543 992 2577 mensas·

75 2601 169 2653 millies
176 2608 300 2672 sestertio,
311 2608 622 2676 laetiquemutandicopii
628 2608 682 2656 siue
690 2606 771 2652 usuris
777 2621 825 2670 per
834 2606 982 2665 triennium,

76 2676 100 2721 si
113 2675 214 2731 debitor
225 2685 321 2747 populo
336 2688 361 2735 in
371 2686 477 2752 duplum
486 2687 584 2753 praediis
593 2679 710 2731 cavisset.
719 2679 761 2727 Sic
770 2676 864 2727 reiecta
875 2678 950 2737 tides,
960 2688 986 2726 et
1023 2734 1034 2747 '

77 2747 199 2810 paulatim
211 2755 307 2816 privati
316 2755 423 2823 {qnoque
437 2760 575 2807 creditores
584 2752 680 2820 reperti
692 2769 697 2801 :
708 2767 791 2816 neque
801 2753 898 2816 emptio
911 2766 986 2814 agro-

76 2837 136 2899 tum
144 2828 252 2876 exercita
260 2829 292 2878 ad
300 2831 407 2887 formam
417 2833 644 2897 senatusconsulti,
655 2830 769 2886 acribus,
780 2839 810 2875 ut
818 2825 898 2877 [armi
911 2824 984 2884 talia,

77 2897 172 2958 inulla,
184 2902 310 2952 incurioso
321 2907 379 2955 tius.

111 2970 209 3022 XVIII.
219 2975 285 3024 Dein
296 2968 403 3026 redeunt
413 2978 511 3042 priores
520 2991 616 3042 metus,
627 2980 756 3047 postulato
770 2972 905 3039 majestatis
915 2969 984 3018 can·

80 3041 146 3091 sidio
157 3043 268 3096 Proculo
279 3066 285 3096 ε
297 3067 331 3112 qu
339 3050 423 3098 inullo
437 3065 531 3114 pavore
543 3050 612 3099 d'rem
624 3054 736 3102 natalem
746 3049 888 3108 celebrans,
899 3053 986 3108 raptus

78 3114 107 3162 in
122 3115 229 3181 curiam,
242 3121 384 3185 pariterque
401 3120 551 3181 damnatus,
567 3124 774 3190 interfectusque.
791 3120 825 3170 Et'
840 3117 920 3169 sorori
935 3116 988 3180 ejus

79 3185 173 3236 Sanciae
183 3192 246 3255 aqui
257 3204 333 3256 atque
344 3195 397 3258 igni
408 3195 582 3253 interdictum,
597 3186 730 3246 accusante
742 3199 775 3256 Q.
789 3195 933 3258 Pomponio
947 3207 953 3238 :
966 3190 987 3237 is

79 3262 193 3310 moribus
201 3265 308 3324 inquies,
319 3263 422 3313 ‹tbaecet
429 3264 623 3330 hujuscemodii
632 3286 658 3318 se
664 3271 793 3333 inaurari»
803 3263 987 3333 praetendebat,

79 3341 146 3399 aut,
160 3333 234 3397 parat
245 3332 313 3400 apud
326 3338 466 3427 principem
482 3341 577 3410 praui,
590 3343 709 3419 periqrujs
723 3340 860 3420 {emporii
872 3335 981 3392 Secundi
