2234 3817
725 22 731 47 l

103 114 150 165 sio
387 184 390 189 ⁸
412 143 436 180 c.
456 132 550 185 conr.
568 144 686 191 sacrus

65 232 72 238 e
99 220 172 258 metu
190 215 280 279 magis,
299 210 374 282 quini
391 222 583 295 benevolentii,
602 233 723 302 subjecti,
738 248 846 308 repertis
861 264 1011 320 auctoribus

8 298 11 305 ·
99 285 252 338 sustulerant
267 293 389 345 animum.
403 298 523 364 Necjom
536 305 605 353 aliud
616 306 746 363 Artabano
758 319 898 392 reliquum,
913 337 991 397 quam
998 381 1007 410 ‚

100 354 121 401 si
135 358 178 419 qui
188 373 349 414 externorum
358 371 458 433 corpori
467 375 585 425 custodes
594 379 712 450 aderaut,
725 390 777 439 suis
788 395 892 461 quisque
902 405 1011 462 sedibus

99 440 227 496 extorres,
247 436 304 498 quia
330 454 410 502 oeque
431 442 492 492 boni
510 446 663 514 intellectus,
686 472 767 524 neque
786 469 848 514 mali
868 488 941 543 cura,
959 486 1008 532 sed

97 500 213 555 mercede
226 508 342 579 aluntur,
357 517 468 567 ministri
479 523 624 574 sceleribus.
637 528 684 577 His
694 532 848 606 adsumptis,
862 548 888 596 in
902 551 1008 618 longin-

97 592 146 639 qua
159 589 183 626 et
199 585 352 640 contermina
369 586 477 655 Scythiae
491 591 578 658 lugam
593 604 745 675 maturarit,
764 627 809 675 spe
825 621 929 688 auxilii,
946 631 1006 690 quia

95 646 220 714 Hyrcanis
235 652 425 726 Carmaniisque
438 680 485 729 per
496 668 652 721 adfinitatem
663 673 769 728 innexus
778 698 831 734 erat
840 709 846 751 5
856 703 931 757 atque
940 686 1008 750 inte·

94 719 142 768 rim
151 738 223 786 posse
233 724 340 778 Parthos
348 732 490 787 absentium
500 754 597 809 equos,
606 751 769 809 presentibus
778 761 900 831 mobiles,
909 769 941 818 ad
949 789 1008 838 poe·
1056 804 1060 807 ι

93 797 227 845 nitentium
238 804 342 853 mutari.
763 828 765 832 ’

124 867 263 923 xxxvtl.
276 876 311 925 At
323 877 455 936 Vitellius,
465 881 573 951 profugo
584 890 728 961 Artabano,
741 902 847 956 stilexis
858 910 891 960 ad
903 930 1002 972 norum

92 955 179 1004 regern
191 945 353 1010 popularium
361 951 465 1011 animis,
478 953 729 1020 hortatusTiridateo

735 972 998 1056 poratucopes'ierffi
1066 997 1074 1003 ”

89 1013 727 1109 roburlegrouurocoelorumque‚ripcmadEuph
772 1051 777 1060 “
854 1057 859 1067 “

85 1454 194 1505 secunda
203 1492 209 1515 ,
219 1475 299 1525 neque
311 1463 428 1518 diuturna
440 1489 445 1517 ι
456 1474 514 1536 quia
525 1492 614 1531 eorum

85 1521 218 1591 cierentur,
228 1536 320 1583 certior
328 1538 405 1606 fides5
416 1544 551 1597 fluminum
558 1552 683 1607 instabilis
691 1572 781 1613 natura
791 1569 869 1618 simul
877 1578 994 1627 ostende·

82 1608 123 1646 ret
137 1604 234 1671 omina,
248 1623 407 1677 raperetque.
422 1618 472 1667 Sed
484 1636 564 1687 ponte
578 1631 686 1682 navibus
701 1635 803 1706 effecto,
822 1647 986 1712 tramissoque

82 1675 208 1737 exercitu,
225 1681 321 1747 primus
338 1686 500 1757 Ornospades
514 1700 603 1751 multis
615 1707 727 1768 equiturn
742 1713 854 1764 millibus
864 1718 890 1766 in
904 1731 985 1771 castra

82 1748 152 1797 uenit
159 1767 165 1799 ε
171 1755 241 1802 oxsttl
250 1757 392 1822 quondam,
401 1775 426 1812 et
434 1762 550 1837 Tiberio,
557 1790 637 1839 quum
644 1777 910 1838 Dalmaticumbellnm
916 1809 983 1842 con-

80 1819 248 1892 ficeret‚haud
258 1833 379 1899 inglorius
387 1840 529 1905 auxiliator,
538 1847 618 1915 eoque
625 1853 727 1904 ciuitate
735 1859 847 1910 Rotnani
857 1862 981 1918 donatus:

80 1907 140 1956 mox
150 1903 257 1966 repetiti
266 1908 379 1960 amicitiei
388 1914 467 1980 regis,
479 1919 562 1970 multo
574 1924 644 1990 apud
652 1942 710 1983 eum
726 1929 837 1999 bonore,
850 1937 987 2002 prefectus

80 1971 176 2036 campis
184 2007 193 2031 ‚
208 1980 252 2041 qui
266 1979 394 2049 Euphrate
407 1999 433 2037 et
450 1989 539 2059 Tigre,
558 1994 661 2047 inclutis
674 2004 809 2066 amnibus,
826 2008 986 2079 circumflui,

78 2038 267 2110 Mesopotamiae
275 2071 370 2107 nomen
380 2075 541 2128 acceperuut.
550 2067 639 2133 Neque
651 2075 734 2126 multo
743 2077 802 2143 phet
808 2080 930 2135 sinnaces
938 2103 982 2136 au-

79 2117 120 2180 get
132 2122 232 2185 copias3
243 2139 268 2175 et
279 2131 396 2181 columen
407 2136 519 2201 partium
530 2137 677 2208 Abdageses
687 2163 775 2213 gazam
786 2164 813 2201 et
822 2168 926 2220 paratus
939 2176 984 2208 re·

79 2189 133 2248 gius
142 2192 235 2254 adiicit.
246 2198 365 2252 Vitellius
374 2208 512 2260 ostentisse
521 2213 640 2265 Romana
650 2235 719 2271 orma
727 2227 788 2273 satis
798 2239 884 2286 ratus,
897 2243 985 2281 monet

79 2259 208 2314 Tiridaten
223 2271 408 2347 primoresque3
422 2281 504 2342 hunc,
518 2285 658 2339 «Phraatis
669 2295 709 2342 avi
722 2307 749 2344 et
762 2297 849 2348 altoris
861 2303 982 2366 Caesaris,

78 2348 131 2396 quae
139 2341 273 2406 utrobique
282 2348 386 2412 pulchra
395 2359 558 2411 meminerit»
567 2383 574 2425 3
585 2362 658 2429 illos,
670 2368 837 2433 «obsequium
848 2375 874 2421 in
883 2391 979 2441 regem,

77 2412 247 2462 revertentium
261 2417 286 2465 in
299 2437 361 2480 nos,
374 2425 450 2481 decus
466 2435 572 2499 quisque
586 2448 699 2486 suomet
708 2439 784 2491 fidem
796 2445 961 2496 retinerentur
972 2473 978 2504 :

75 2479 134 2529 exin
146 2498 205 2533 cum
216 2487 357 2553 legionibus
370 2500 395 2549 in
407 2503 503 2569 Syriam
514 2511 647 2558 remearit.
740 2570 741 2573 Ἴ
850 2584 853 2591 ,

113 2554 261 2612 XXXVIII.
283 2564 344 2630 Quae
365 2571 462 2626 duabus
483 2580 609 2629 aestatibus
624 2591 693 2644 gesta
712 2585 850 2653 conjunxi,
869 2590 920 2656 quo
935 2609 979 2641 re-

74 2629 214 2692 quiesceret
224 2639 322 2692 animus
331 2642 346 2693 ὲ
356 2645 501 2703 domesticis
509 2654 593 2705 malis.
601 2654 660 2704 Non
667 2658 736 2706 enim
744 2659 893 2731 Tiberium,
903 2684 981 2731 quau·

75 2715 151 2766 quam
167 2708 275 2761 triennio
293 2730 352 2781 post
363 2722 456 2772 cadem
470 2725 566 2791 Seiani,
579 2744 633 2794 quse
652 2744 752 2782 ceteros
768 2735 870 2785 mollire
886 2741 982 2805 solent,

73 2787 187 2842 tempus,
200 2798 301 2850 preces,
313 2793 397 2852 satias,
412 2797 578 2864 mitigabant,
592 2804 654 2869 quin
666 2804 761 2856 incerte
775 2811 814 2857 rel
827 2811 921 2860 abolita
933 2831 981 2878 pro

5 2853 8 2858 ’
71 2851 227 2914 gravissimis
238 2867 264 2905 et
271 2865 417 2914 recentibus
430 2872 541 2933 puniret.
557 2876 596 2924 Eo
610 2889 680 2927 metu
692 2879 825 2929 Fulcinius
836 2882 916 2948 Trio,
936 2889 978 2934 in-

70 2925 183 2986 gruentis
197 2944 354 2985 accusatores
366 2935 434 2990 haud
450 2959 600 3010 perpessus,
617 2954 739 3017 supremis
752 2955 845 3003 tabulis
859 2958 939 3007 multa
951 2973 978 3009 et

71 2996 164 3042 atrocis
176 3000 201 3044 in
216 3000 378 3069 Macronem,
390 3028 420 3060 ac
434 3018 574 3082 praecipuos
588 3023 739 3073 libertorum
753 3027 854 3075 Ceratis
867 3044 978 3096 compo-

72 3065 135 3123 suit,
146 3066 194 3132 ipsi
206 3072 319 3126 cliuum
330 3084 401 3133 senio
415 3099 527 3140 mentem
536 3127 543 3149 ,
552 3104 579 3142 et
590 3099 715 3147 contiuuo
726 3098 842 3148 abseeuu
850 3102 922 3149 velut
932 3120 979 3151 ex·

68 3138 173 3189 silium»
183 3144 340 3206 obiectando.
349 3155 409 3215 Quae
416 3161 447 3209 ab
456 3161 591 3214 heredibus
599 3171 736 3230 occultata,
744 3172 846 3221 recitari
856 3173 977 3226 Tiberius

68 3210 141 3272 jussit
154 3230 160 3259 τ
175 3219 321 3280 patientiam
331 3225 456 3281 libertatis
466 3234 552 3283 aliene
560 3251 691 3290 ostentans
700 3278 708 3301 ,
717 3256 745 3293 et
754 3256 918 3310 contemptor
927 3264 976 3301 sue

68 3281 183 3343 infamiae,
194 3304 225 3335 an
235 3295 358 3341 scelerum
368 3297 450 3358 Seiani
461 3303 505 3350 diu
515 3309 627 3369 nescius,
639 3327 700 3360 mox
710 3331 814 3378 quoquo
822 3316 900 3366 modo
910 3318 976 3367 dicta

68 3353 165 3423 uulgari
172 3359 295 3425 malebat,
304 3363 478 3439 veritatisque,
490 3375 531 3425 sui
539 3374 653 3431 eductio
661 3384 759 3453 officit,
769 3403 816 3452 per
823 3389 918 3455 probra
925 3391 978 3464 sal-⁴
