2234 3817
146 171 201 227 ⁴16
470 185 494 221 c.
516 182 611 222 cons.
635 181 749 224 rarsrt

150 258 230 321 locus*
238 268 312 320 lorrt·
320 267 392 320 Nihil
403 267 531 325 euenisse,
542 283 588 315 cur
598 266 738 332 antiquitus
748 266 866 317 instituta
877 270 1045 329 exolescerent,
1073 250 1074 317 l

146 357 196 396 ‘aut
207 344 327 411 principis
337 343 417 393 honor
426 343 454 391 iu
465 341 614 407 cuiusquam
623 343 804 392 contumeliam
814 355 959 394 verteretur
970 362 976 393 :
992 345 1049 394 suffi-
1073 340 1074 411 l

154 435 210 468 cere
219 433 308 467 omues
320 417 441 481 obsequio
451 434 457 464 :
470 415 496 464 id
507 417 589 481 magis
598 416 742 480 vitandum,
752 433 784 466 ne
793 417 1051 482 pervicaciriquorunr·
1073 426 1074 431 ’

153 491 213 542 dam
232 492 370 541 irritaretur
385 493 500 548 animus,
518 507 588 540 novo
606 492 751 558 principatu
766 509 922 558 suspensus,
940 505 965 542 et
979 494 1051 541 vultus

152 582 253 631 quoque
264 583 294 615 ac
304 581 433 615 sermones
443 565 559 614 omnium
568 566 789 632 circumspectans.
796 567 830 614 Se
839 566 987 615 meminisse
997 575 1050 613 tern-

109 637 112 641 ’
152 655 245 706 porum
253 676 260 703 ,
278 640 370 703 quibus
384 653 459 690 uatus
473 641 521 703 sit,
533 653 610 703 quam
627 639 737 691 civitatis
754 638 868 688 sormam
884 651 965 705 patres
976 639 1051 700 avique

153 713 328 762 instituerint:
342 712 465 763 ulteriora
474 713 579 775 mirari,
590 712 722 777 praesentia
733 714 823 777 sequi:
837 712 923 761 bonos
931 713 1055 778 imperato·

148 802 194 847 ,res
200 795 261 834 voto
267 797 396 852 expetere,
403 787 602 851 qualescumque
611 786 730 835 tolerare.
740 785 802 835 Non
810 786 898 852 magis
906 780 947 838 sui
953 784 1056 833 oratione

153 859 311 920 Thraseam,
330 859 408 923 quim
427 859 522 923 judicio
540 858 643 908 senatirs
661 858 803 909 adflictum.
816 859 948 908 Sanitium
955 851 1054 906 Neronis

153 949 198 998 per
216 930 364 994 huiusmodi
377 932 498 997 imagines
515 932 642 980 illusisse:
658 946 706 979 nec
719 929 806 981 minias
818 932 872 982 sibi
885 930 980 980 auium
992 929 1054 977 talen

155 1005 311 1066 amicitiam,
322 1004 399 1072 quim
407 1008 463 1056 aliis
472 1008 601 1057 exsilium.
609 1006 726 1070 Denique
734 1005 896 1064 comtantii,
910 1002 1055 1059 fortitudine,

154 1078 298 1128 Catonibus
314 1090 340 1128 et
353 1080 440 1129 Brutis
453 1091 595 1146 aequaretur
608 1078 761 1129 Helvidius:
777 1094 805 1128 se
822 1095 905 1127 unum
918 1093 971 1127 esse
983 1071 1011 1124 er
1022 1075 1057 1123 illo

157 1161 262 1216 senatu,
273 1153 318 1216 qui
328 1153 405 1203 simul
416 1155 543 1205 sortierit.
554 1153 667 1202 Suadere
676 1155 753 1202 etiam
764 1154 863 1212 Prisco,
875 1170 910 1203 ue
919 1166 991 1218 supra
1001 1149 1056 1216 prin·

157 1228 242 1291 cipem,
259 1225 408 1293 scanderet3
421 1244 455 1276 ne
470 1228 672 1293 Vespasianum,
686 1241 771 1277 senem
783 1226 969 1294 triumphalem
979 1261 986 1283 ,
995 1223 1056 1288 iure·

127 1303 129 1309 '
158 1316 221 1350 num
234 1300 373 1351 liberorum
384 1314 499 1367 patrem,
509 1304 645 1370 preceptis
656 1314 793 1352 coerceret.
807 1300 948 1367 Quomodo
959 1295 1057 1367 pessimis

159 1379 358 1444 imperatoribus
368 1380 422 1429 sine
434 1381 484 1429 line
497 1379 715 1442 dominationem,
727 1382 761 1428 ita
772 1380 892 1444 quamvis
900 1376 1005 1444 egreglis
1012 1388 1054 1421 ¹11⁰·

158 1449 220 1500 dum
238 1452 362 1502 libertatis
378 1455 478 1525 plscqre
488 1470 515 1505 n'.
533 1458 593 1506 Huc
603 1455 703 1520 magnis
717 1456 845 1520 utrimque
858 1448 1054 1503 contentionibus

156 1524 247 1586 iactata
253 1562 261 1587 ,
275 1527 380 1577 diversis
394 1529 487 1579 studiis
495 1533 692 1598 accipiebantur.
703 1531 773 1578 Vicit
782 1545 858 1595 pars,
868 1543 926 1594 quse
934 1522 1019 1575 sortiti
1029 1518 1054 1564 lt·

105 1616 108 1625 ’
158 1609 230 1662 gatos
237 1600 357 1661 malebat,
363 1602 440 1651 etiam
447 1603 539 1653 mediis
546 1614 650 1668 patrum
659 1603 832 1652 adnitentibus
842 1602 957 1652 retinere
966 1605 1056 1672 moun:

158 1674 193 1723 Et
207 1671 424 1739 splendidissimas
437 1675 542 1738 quisque
554 1673 647 1723 eodem
660 1675 814 1736 inclinabat,
825 1686 902 1725 metu
916 1668 1034 1732 invidie,
1043 1678 1059 1712 ¹¹

160 1745 210 1815 ipsi
222 1746 384 1813 eligerentur.
902 1768 905 1773 ¹

194 1819 242 1874 lx.
261 1823 380 1873 Secutum
390 1821 460 1871 aliud
470 1822 736 1872 certamemPraetores
744 1819 823 1869 marii
831 1818 904 1884 (nam
912 1828 972 1870 tum
982 1813 998 1867 i
1007 1827 1059 1881 prr·

161 1894 262 1950 loribus
280 1899 437 1947 uacuhatur
457 1896 582 1965 ararium)
598 1895 738 1964 publicam
759 1899 955 1965 paupertatem
974 1883 1057 1955 quedl,

159 1970 266 2022 madum
279 1971 411 2042 impensis
422 1971 620 2035 postulaverant.
635 1970 700 2019 Eam
711 1983 798 2020 cutam
810 1966 901 2018 consul
913 1963 1056 2028 designatus·

159 2043 194 2094 cb
203 2044 406 2110 magnitudinem
415 2046 514 2109 oneris,
524 2056 552 2095 et
561 2044 670 2096 remedii
678 2042 867 2102 difficultatem,
877 2039 989 2109 principi
995 2046 1056 2084 reret·

161 2120 248 2172 vabat.
259 2118 394 2169 Helvidius
402 2119 521 2172 arbitria
531 2116 646 2173 senatuis
656 2119 792 2189 agendum
800 2117 910 2166 censuit.
923 2115 1006 2179 Quum
1012 2119 1054 2173 pu·

160 2203 279 2261 rogarent
299 2192 437 2247 sententiat
454 2194 585 2254 consules,
607 2193 742 2243 Vulcatius
760 2190 937 2246 Tertullinus,
957 2182 1054 2234 tribuant

161 2269 258 2339 plebis,
273 2265 427 2324 intercessit,
442 2284 476 2318 ne
494 2269 562 2337 quid
574 2285 657 2336 super
672 2267 759 2319 tenid
770 2285 806 2326 rs,
815 2267 938 2330 principe
954 2259 1054 2331 abstula

164 2346 339 2394 statueretur.
352 2337 492 2402 Ceusuerat
500 2340 645 2394 Helvidius,
657 2349 688 2390 ut
701 2339 872 2408 Capitolium
880 2334 986 2408 publice
994 2331 1054 2404 rasit·

163 2417 293 2468 tueretur,
308 2411 454 2482 adjuvaret
468 2407 664 2476 Vespasianus.
679 2411 742 2459 Eam
754 2414 914 2462 sententiam
924 2400 1056 2457 modernu-

161 2498 219 2534 mus
235 2482 341 2548 quisque
358 2482 460 2531 silentio
468 2481 587 2551 ,deinde
606 2482 706 2530 oblivio
718 2484 870 2534 transmisit.
885 2483 973 2544 Fuere,
987 2472 1023 2539 qvi
1036 2474 1055 2513 θ’

165 2560 353 2612 meminissent.

150 2652 166 2671 ⁴·
200 2636 241 2693 X.¹
252 2635 321 2686 Tum
333 2624 447 2685 intectus
458 2629 731 2682 estldusouinsllul'us
746 2633 775 2683 in
790 2634 935 2685 uPulslium
948 2625 1054 2678 Celssfffl‘

137 2754 142 2761 χ
169 2709 183 2759 ir
196 2725 247 2775 quo
258 2710 364 2760 Baream
374 2708 501 2759 Soranum
512 2706 576 2756 falso
588 2706 736 2757 testimonio
748 2707 950 2760 circumventum
958 2719 972 2749 a
981 2703 1052 2758 ΠΨ·

166 2785 224 2835 hat.
237 2783 273 2834 Ei
292 2786 436 2851 cognitione
447 2782 565 2835 renovari
580 2781 638 2831 odiu
649 2783 838 2832 accusationum
852 2755 1051 2832 videbamurzstl

168 2858 227 2908 vilis
242 2869 269 2907 et
286 2875 387 2921 nocens
398 2858 456 2908 reus
472 2857 574 2927 protegi
589 2873 641 2907 non
652 2868 761 2924 poterat.
779 2858 879 2924 Quippe
890 2849 974 2903 Sorani
984 2844 1052 2892 sautu

171 2928 297 2980 memoria
310 2951 317 2982 :
330 2935 405 2984 Celer
421 2930 549 3000 professus
568 2926 732 2999 sapientiam,
751 2930 810 2981 dein
827 2926 935 2982 testis'io
951 2920 1050 2968 Baream,

169 3002 289 3068 proditor
307 3017 491 3071 corruptorque
513 2995 605 3067 amici,
624 3017 651 3056 et
668 3006 739 3070 cujus
757 3023 784 3054 se
803 3004 945 3069 magistrum
961 2985 1050 3070 lerelttb

169 3074 306 3124 Proximus
314 3075 369 3125 dies
378 3094 457 3127 causae
466 3079 616 3132 destinatur.
627 3080 679 3129 Nec
690 3091 742 3128 tam
755 3079 884 3129 Musonius
897 3081 941 3123 sut
949 3060 1048 3145 Pultllft

168 3145 245 3212 quim
256 3146 355 3198 Priscus
364 3162 390 3200 et
400 3151 547 3212 Marcellus,
559 3152 698 3218 ceterique,
710 3152 785 3203 motis
795 3149 828 3199 ad
839 3148 960 3199 ultionem
969 3140 1049 3186 animm

119 3234 123 3237 ’
169 3224 390 3284 exspectabantur.

200 3293 248 3361 XIX.
267 3296 322 3344 Tali
330 3288 419 3346 ‘rerum
431 3309 498 3347 statu
510 3336 516 3358 ‚
528 3316 610 3364 quum
623 3300 749 3351 discordia
766 3303 831 3350 inter
841 3311 924 3368 patres
931 3332 938 3357 ,
953 3293 982 3339 1¹⁸
994 3270 1049 3360 'llll

172 3364 252 3414 victos
261 3370 382 3426 ,nulla‘in
392 3372 531 3426 victoribus
542 3375 691 3436 auctoritas,
701 3390 752 3427 non
763 3377 848 3440 leges,
859 3392 910 3424 non
921 3368 1020 3441 princept
1028 3363 1048 3397 ¹¹

167 3436 273 3489 civitate
286 3453 383 3511 esseut,
399 3445 548 3508 Mucianus,
564 3449 655 3499 urbem
664 3449 789 3518 ingressus
795 3485 805 3516 ‚
817 3462 907 3501 cuncte
920 3435 986 3497 simul
997 3434 1047 3508 Μ
