2234 3817
122 173 171 227 144
438 172 707 225 c.cor1t.·raerrt
790 208 797 217 ,

121 270 153 320 0.
164 265 268 325 Ceteri,
277 261 340 316 lorti
348 271 406 315 orto
414 278 542 324 sermone,
552 266 582 314 L.
592 265 688 314 Sullam
699 262 830 324 irridenti,
840 268 934 335 omnio
941 271 1033 326 sollo

121 346 191 397 vitia
199 377 209 403 ,
217 349 243 392 et
251 339 358 390 nullam
366 339 486 407 ejusdem
494 342 619 391 virtutem
626 341 783 392 habiturum
792 340 909 404 praedixit
918 360 926 391 ε
936 345 1032 410 simul,

121 415 218 464 crebris
234 427 293 460 cum
306 409 442 474 lacrymis}
454 413 580 460 minorem
592 426 621 460 er
634 412 771 477 nepotibus
783 414 945 479 complexus,
960 419 1031 469 truci

122 489 225 538 alterius
242 482 328 534 cultu:
343 482 459 536 Occides
470 487 542 536 bunc
554 493 602 542 tu,
614 483 711 550 inquit,
726 494 754 536 et
767 495 793 538 le
809 488 894 539 alius.
906 487 954 536 oet
964 505 1028 553 gra-

120 573 236 614 vescente
253 557 413 619 raletudine,
429 557 493 606 nibil
509 557 522 605 ὲ
536 557 686 607 libidinibus
699 561 846 619 omittebat,
863 563 889 609 in
904 564 1037 627 patientid'

120 633 301 688 tirutitudinern
311 632 432 680 simulam
442 648 450 697 ι
462 630 602 697 solitusque
614 630 716 680 eludere
726 633 884 682 medicorum
894 646 973 695 artes,
986 647 1025 684 at·

119 727 168 776 que
181 725 239 763 eos.
256 706 300 770 qui
312 715 369 770 post
384 704 541 754 tricesimum
556 706 637 753 aetatis
655 721 766 764 annum,
784 706 816 755 ad
832 707 1028 758 internoscenda

119 781 219 847 corpori
230 796 276 829 suo
288 778 372 839 utilia,
386 779 426 826 vel
438 779 514 827 noxia
524 814 531 836 ,
542 778 621 826 alieni
632 780 733 828 consilii
745 779 898 845 indigerent.

150 853 259 906 XLVII.
268 850 374 901 Interim
382 852 469 899 Romae
476 849 567 899 futuris
575 853 652 900 etiam
660 853 860 918 postTiberium
869 851 980 903 caedibus
987 871 1027 905 se·

118 922 684 990 minajaciebantur.LeliusllalbusAcuriam,
691 924 720 975 P.
725 926 823 974 Vitellii
830 926 956 991 quondam
963 943 1027 976 uxu-

118 1017 181 1060 rem,
188 994 507 1063 maiestatispostulaverat3
516 995 563 1059 qut
570 995 700 1058 damnati,
707 1000 1024 1064 quumpraemiumaccusa·

118 1076 172 1123 tori
178 1071 354 1121 decerneretur
360 1104 367 1129 ‚
373 1069 462 1116 lunius
469 1066 550 1128 Otho,
556 1069 673 1118 tribunus
682 1071 765 1137 plebei
772 1106 780 1129 ,
787 1062 1020 1120 intercessit‘runde

120 1147 172 1195 illis
179 1145 250 1201 odia,
259 1156 317 1193 mor
328 1140 424 1191 Othoni
431 1141 557 1192 exsilium.
567 1141 633 1192 Dein
643 1144 783 1193 multorum
791 1144 915 1192 amoribus
923 1142 1023 1192 famosa

31 1238 35 1241 ·
116 1219 252 1281 Albucilla,
260 1216 301 1264 cui
309 1215 500 1264 matrimonium
509 1229 568 1264 cum
575 1216 659 1273 Satrio
664 1216 784 1273 seeundo.
794 1215 974 1280 conjurationis
981 1216 1022 1264 iu·

117 1292 189 1351 dice,
203 1289 299 1347 luerat,
312 1287 424 1337 defertur
435 1288 574 1354 impietatlb
584 1291 609 1337 in
621 1290 764 1357 principem
776 1307 782 1338 ι
795 1289 1020 1355 connectebantur,

116 1376 146 1415 ut
156 1364 264 1421 conscii,
276 1372 302 1410 et
309 1360 417 1413 adulteri
427 1360 492 1424 eius,
503 1361 550 1409 Cu.
557 1363 687 1413 Domitius
694 1399 702 1422 ,
710 1363 800 1413 Vibius
808 1362 922 1426 Marsus,
931 1362 962 1410 L.
970 1361 1024 1412 Ar-

115 1436 225 1487 runtius.
236 1435 274 1483 De
282 1432 431 1482 claritudine
441 1431 546 1482 Domitii
555 1434 631 1501 supr'a
642 1437 798 1483 memoravi:
810 1435 838 1483 M
840 1452 911 1484 ursus
921 1452 1024 1501 quoque

114 1511 222 1558 vetustis
234 1506 387 1567 bonoribus,
399 1516 426 1554 et
437 1505 543 1554 illustris
550 1504 645 1569 ptudiis
656 1520 719 1556 erat.
735 1523 750 1556 (t
760 1506 809 1557 Sed
822 1510 929 1556 testium
940 1511 1021 1558 inter·

114 1583 240 1649 rogationi
249 1579 400 1637 ‚tormentis
412 1594 544 1629 cervorum
552 1580 698 1631 Macronem
709 1580 855 1647 praesedisse
860 1599 885 1639 a,
894 1598 1023 1631 commen-

115 1656 174 1705 tarii
191 1654 223 1704 ad
241 1663 357 1703 senatum
374 1652 446 1701 missi
460 1652 593 1715 ferebant,
613 1655 737 1718 nullaeque
754 1658 790 1705 in'
801 1671 844 1704 eos
860 1656 1017 1719 imperatoris

113 1730 203 1780 litterts
210 1727 377 1793 suspicionem
387 1724 495 1791 dabant,
509 1728 621 1778 invalido
630 1727 772 1778 rofortasse
782 1731 881 1794 ignaro,
893 1727 948 1775 ficta
957 1725 1017 1791 ple·

114 1819 203 1867 reque,
218 1803 251 1851 ob
264 1801 410 1851 inimicitiae
421 1798 550 1850 Macronis
561 1813 635 1852 notar
647 1801 674 1850 in
684 1801 844 1850 Arruntium.

146 1875 267 1927 XLVIII.
280 1870 362 1939 igitur
370 1874 499 1924 Domitius
512 1871 683 1927 defensionem
694 1871 833 1931 meditans,
846 1872 947 1922 Marsus
957 1882 1019 1921 tan·

114 1966 190 2015 quam
201 1947 312 1997 inediam
325 1947 515 2010 destinavisset,
529 1947 670 2014 produxere
683 1949 761 1996 vitam
772 1967 778 1994 ι
791 1944 929 1995 Arruntius
940 1960 1023 1995 cunc·

115 2026 237 2073 tationem
254 2033 282 2070 et
295 2037 378 2071 moras
393 2019 558 2072 suadentibus
576 2022 678 2084 amieis,
696 2021 779 2075 aNou
796 2019 886 2069 eadem
902 2019 1023 2068 omnibus

116 2099 227 2149 decorae
237 2098 367 2164 respondit
377 2117 383 2146 :
394 2115 409 2146 ιι
417 2098 465 2147 sibi
477 2098 538 2146 satis
548 2100 628 2147 aetatis
640 2115 646 2144 :
658 2112 742 2162 neque
752 2094 823 2144 aliud
833 2093 1004 2163 poenitendum
1014 2138 1023 2163 ,

116 2173 190 2238 qtrirm
201 2172 268 2236 qnbd
274 2209 282 2232 ,
297 2175 363 2221 inter
373 2170 483 2220 ludibria
495 2183 522 2220 et
532 2173 659 2238 pericula,
672 2172 774 2221 anxiam
786 2174 912 2219 senectam
927 2168 1023 2217 tolera·

114 2247 205 2301 risam,
220 2244 264 2292 diu
278 2245 383 2305 Seiano,
397 2260 465 2295 nunc
476 2245 607 2302 Macroni,
622 2260 724 2311 semper
738 2245 813 2291 alieni
825 2243 966 2307 potentium
978 2243 1021 2290 iu·

113 2320 183 2367 risus
193 2337 201 2374 3
213 2331 263 2364 uon
279 2316 369 2382 culpa,
384 2317 428 2366 sed
439 2330 468 2366 ut
480 2318 638 2383 flagitiorum
653 2316 797 2380 impatiens.
812 2313 876 2361 Sanb
887 2330 982 2380 pancos
996 2326 1023 2364 et

113 2403 245 2455 supremos
261 2388 382 2454 principis
396 2390 450 2440 dies
461 2406 537 2457 posse
551 2390 641 2449 vitari3
655 2383 870 2450 quemadmodum
884 2401 1019 2434 evasurum

112 2460 270 2512 imminentis
286 2460 412 2523 juventam
422 2462 435 2513 ἲ
446 2466 488 2515 An
498 2478 577 2528 quum
589 2460 723 2515 Tiberine,
742 2468 799 2522 post
815 2467 910 2503 tantam
928 2473 1018 2506 rerum

110 2534 305 2606 experientiam,
314 2536 339 2583 ri
347 2535 527 2586 dominationis
537 2533 705 2586 convulsisset
713 2540 825 2579 mutatur
834 2529 880 2587 sit,
889 2531 918 2578 C.
932 2532 1018 2581 Ceu.

111 2626 183 2672 reru,
192 2609 234 2658 rix
244 2608 314 2658 finiet
324 2611 445 2676 pueritil,
454 2614 569 2677 ignarum
578 2605 706 2661 omnium,
722 2614 767 2653 aut
776 2603 893 2669 pessimis
902 2605 1017 2665 innutri-

111 2696 182 2743 tum,
193 2682 298 2731 meliora
313 2684 510 2750 capessiturum,
528 2684 646 2732 Macrone
661 2675 747 2726 ducel
761 2679 806 2741 qui
818 2689 848 2724 ut
860 2677 972 2727 deterior
982 2678 1017 2727 ad

110 2755 307 2823 opprimendum
316 2758 432 2822 Seianum
444 2757 572 2814 delectus,
583 2755 660 2821 plura
668 2767 714 2818 per
726 2751 820 2800 scelera
831 2753 1019 2817 rempublicam

111 2830 319 2880 conflictavisset:
330 2843 490 2898 proapectare
501 2832 550 2894 jam
560 2847 587 2881 se
595 2825 921 2890 scriosstrvitium,etique
934 2827 1020 2892 fugere

111 2904 189 2959 srmul
205 2913 259 2952 acta
273 2915 299 2951 et
317 2903 539 2952 instantiamea
552 2902 653 2951 vadsin
668 2899 775 2948 modum
792 2896 928 2956 dictitans,
941 2916 1018 2948 renas

109 2977 221 3030 resolvit.
242 2979 401 3026 Documento
419 2976 551 3041 sequentia
570 2986 660 3032 erunt,
678 2974 742 3022 bene
764 2972 1017 3021 Arruntiummorte

109 3063 195 3098 usum.
213 3046 339 3097 Albucilla
353 3051 426 3098 irrito
438 3050 490 3097 ictu
507 3047 521 3096 l
540 3060 621 3096 semet
634 3048 783 3106 vulnerata,
795 3046 864 3106 jussu
873 3043 973 3092 scnatbs
988 3043 1017 3093 in

110 3137 242 3172 carcerem
249 3121 339 3176 fertur.
349 3123 499 3188 stuprorum
508 3123 561 3184 eius
571 3121 681 3170 ministri
690 3155 697 3179 ,
710 3137 726 3167 tt
733 3117 863 3168 Carsidius
875 3117 998 3165 Sacerdos
1009 3155 1016 3173 ,

18 3220 26 3227 ‚
109 3195 239 3260 pretorius
250 3232 255 3248 ‚
265 3207 293 3245 ιιι
302 3198 329 3245 iu
338 3197 446 3246 insulam
456 3194 648 3259 deportaretur3
657 3193 765 3241 Pontius
773 3190 1019 3257 Fregellanusamit·

109 3278 175 3315 teret
190 3268 305 3316 ordinem
321 3270 474 3316 senatorium
485 3288 492 3325 3
504 3278 530 3314 et
538 3265 632 3312 eaedem
646 3282 725 3327 paenae
737 3267 761 3310 in
772 3264 877 3310 Laelium
886 3263 1016 3309 Balbum»

109 3336 279 3387 decernuntur
290 3357 296 3385 :
309 3339 335 3384 id
346 3339 447 3400 quidem
459 3333 637 3392 alterantibus,
648 3339 708 3397 qula
717 3337 810 3384 Balbus
820 3336 885 3389 truci
892 3335 1018 3402 eloquen-

42 3408 51 3453 ἶ
108 3405 145 3454 til
157 3406 306 3465 habebatur,
315 3420 450 3475 promptus
461 3407 595 3457 adeersum
606 3407 734 3461 insontem
