2234 3817
435 171 615 212 aonreost.
930 156 979 227 595

63 264 119 334 nial
130 260 276 316 Paullinus,
288 272 319 305 eo
331 257 435 320 cognito
446 257 581 320 provincia
593 265 680 313 motu,
691 252 797 321 properi
808 252 979 309 subvenisset,

64 340 159 389 amissa
166 332 298 384 Britannia
308 330 374 377 foret
383 347 388 375 z
399 345 474 391 quam
482 331 557 377 unius
567 330 647 395 prelii
654 328 754 380 fortuna
766 330 844 378 reteri
853 327 987 394 patina-tin
1067 327 1072 330 ’

63 411 193 464 restituit,
204 404 352 456 tenentibus
359 418 427 448 arma
435 401 574 466 plerisque,
584 399 980 466 quoaconteientiadelettionisr

67 497 94 536 οι
106 479 213 548 propiiss
227 495 259 525 er
270 478 356 539 legato
372 475 448 521 timor
464 474 585 537 agitabat.
599 475 647 523 Hic
659 491 738 538 quum
753 472 868 539 egregins
881 484 980 524 cetera,

67 566 218 621 arroganter
228 552 254 597 in
266 548 383 605 deditos,
393 559 418 594 et
426 558 455 595 nt
462 555 512 602 suae
521 563 622 615 qnoque
631 548 726 613 injuriat
736 550 811 605 ultor,
819 545 909 595 darida
916 562 982 594 cota·-

70 630 184 685 suleret,
194 624 287 694 missus
304 620 438 668 Petronius
450 621 627 687 Turpilianus,
642 636 764 687 tanquam
773 620 925 670 exorabilior
940 630 984 666 :et
1039 657 1041 662 .
1060 671 1071 690 x

72 701 174 750 delictis
183 696 295 744 hostium
305 708 399 754 novus,
407 691 487 755 edque
495 695 647 757 poenitentia
655 697 751 757 mitior,
762 692 909 759 compositis
917 691 983 756 prin·

71 776 156 831 ribus,
167 770 229 821 nihil
242 767 308 817 ultrei
319 782 411 823 anans,
422 766 552 815 Trebellio
568 770 683 818 Marinio
693 768 853 833 provinciam
866 762 981 814 tradidit.

72 845 218 895 Trebellius
232 841 349 905 segnior,
367 850 394 885 et
407 839 485 886 nullis
496 853 636 890 castrorum
651 841 847 905 experimentis,
862 837 982 886 comitate

72 916 182 982 quddam
200 910 305 961 curandi
318 912 474 975 prouinciam
485 913 579 961 tenuit:
589 913 706 964 Didicdre
718 913 768 974 ‘qam
776 913 874 961 barbari
884 926 984 974 quoque

54 995 56 1004 ¹
71 992 204 1056 ignoscere
219 985 289 1033 vitiis
298 984 504 1032 blandientibus:
520 998 546 1033 et
557 987 717 1034 inter-rentur
728 986 841 1034 civilium
853 998 984 1032 aratorum

72 1062 180 1130 prebuit
190 1060 283 1121 justam
292 1057 403 1121 segnitie
413 1059 605 1106 excusationem
616 1076 621 1104 :
633 1056 678 1106 sed
689 1056 815 1117 distmdid
828 1057 986 1113 laboratum,

74 1152 153 1202 quum
165 1134 285 1181 adsuetus
300 1128 506 1194 expeditionibus
517 1130 593 1179 miles
608 1132 664 1179 otio
678 1132 816 1181 lasciviret.
828 1131 986 1192 Trebellius,

73 1208 133 1272 lugd
143 1213 173 1255 ac
182 1204 285 1254 latebris
293 1202 372 1253 ritatal
381 1202 506 1252 exercitiis
516 1205 552 1252 ira
559 1239 568 1262 ,
578 1203 711 1253 indecorus
719 1215 794 1268 atque
804 1202 919 1260 humilis,
928 1219 986 1267 pre·

75 1283 145 1328 cario
153 1275 330 1344 moxpraelnit3
338 1277 524 1341 aerelutpacti,
533 1277 984 1336 exereituslicentiam,duitaalutem:

75 1352 131 1401 haec
141 1352 230 1400 seditio
242 1353 295 1398 sine
307 1350 428 1414 sangnine
441 1353 522 1400 stetit.
534 1351 588 1400 Nec
599 1351 704 1418 Vettius
715 1352 842 1409 Bolanus,
857 1348 987 1402 manent

76 1426 128 1474 bns
139 1425 220 1473 adhuc
230 1424 347 1471 civilibus
357 1423 432 1472 bellis
441 1459 448 1480 ,
458 1425 563 1486 agitavit
574 1424 730 1473 Britanniam
741 1424 871 1489 disciplinai
881 1444 887 1472 ε
897 1424 986 1473 eadent

73 1497 170 1548 inertia
181 1514 236 1562 erga
246 1496 345 1555 hortea,
356 1496 446 1543 similis
455 1496 595 1560 petulantia
605 1509 745 1547 castrorum
757 1515 762 1544 :
774 1500 821 1547 nisi
831 1485 899 1562 qitdd
909 1498 986 1545 inno·

77 1588 138 1620 cens
147 1572 271 1634 Bolanus,
284 1581 310 1618 et
320 1569 397 1618 nullis
407 1569 507 1619 delictis
518 1571 615 1621 invisus
621 1604 630 1633 ,
645 1573 776 1622 caritatem
787 1585 917 1639 paraverat
929 1572 986 1619 loeo

54 1643 58 1647 ¹
75 1647 242 1697 auctoritatis.
753 1693 760 1698 .

110 1721 195 1771 XVII.
207 1718 257 1769 Sed
264 1718 307 1767 ubi
319 1735 377 1768 curn
388 1730 472 1769 cetero
485 1719 546 1769 orbe
556 1720 727 1788 Vespasianus
741 1734 766 1772 et
776 1719 933 1771 Britanniam
944 1734 987 1767 re-

78 1794 212 1859 ciperavit,
226 1792 310 1855 magni
319 1790 408 1853 duces,
420 1795 515 1857 egregii
528 1796 653 1843 exercitus
660 1832 667 1856 ‚
678 1797 777 1844 minuta
787 1795 900 1844 bostium
911 1808 967 1860 spes
979 1809 985 1838 :

80 1877 107 1914 et
116 1877 240 1914 terrorem
250 1866 333 1914 statim
344 1866 430 1913 intulit
438 1866 545 1922 Petilius
556 1865 677 1930 Cerialia,
688 1868 835 1931 Brigantum
844 1868 986 1934 civitatem,

79 1953 136 2002 qua
150 1940 331 1986 numerossima
340 1939 476 2003 provinciae
492 1938 570 1986 totius
578 1937 734 2003 perhibetur,
747 1938 895 2002 adgressus:
906 1939 986 1987 multa

79 2011 180 2079 prelia,
193 2022 218 2059 et
229 2010 359 2073 aliqnando
370 2027 422 2060 non
434 2013 583 2059 incruenta:
594 2013 760 2075 magnamque
771 2010 915 2073 Brigantum
928 2026 988 2075 par-

81 2096 134 2133 tem
150 2095 194 2133 aut
206 2084 310 2132 victoria
320 2087 467 2151 amplexus,
479 2096 523 2133 ant
536 2083 616 2133 bello.
628 2084 662 2133 Et
676 2099 756 2149 quum
770 2082 874 2133 Cerialia
884 2081 988 2147 quidem

82 2158 188 2206 alterius
198 2159 348 2206 successoris
357 2175 445 2208 curam
456 2158 599 2223 famamque
612 2157 750 2219 obruisset,
762 2157 880 2206 sustinuit
888 2172 988 2222 quoque
1067 2158 1070 2161 ’

81 2224 416 2297 molemJulius'Frontinus,
423 2235 462 2284 uir
469 2247 584 2299 magnus,
592 2232 820 2298 quantitmlicebat‚
829 2230 989 2294 validamque

82 2315 110 2353 et
117 2321 254 2370 pugnacem
265 2307 377 2355 Silurum
385 2311 487 2373 gentem
496 2310 574 2358 armis
582 2310 696 2374 subegit5
709 2324 784 2375 super
795 2308 915 2357 virtutem
924 2305 989 2356 hos-

79 2381 146 2428 tium
155 2416 161 2436 ,
171 2382 286 2429 locorum
296 2399 397 2446 quoque
408 2382 567 2434 difficultates
578 2385 713 2434 eluctatus·

113 2452 211 2504 xvltl.
221 2455 297 2503 Hunc
308 2454 445 2506 Britannia
454 2470 548 2507 statum
558 2496 564 2516 ,
578 2458 622 2507 has
632 2458 759 2508 bellorum
770 2457 837 2505 vices
846 2454 927 2502 medid
937 2456 988 2516 jani

81 2537 166 2576 aestate
177 2539 335 2590 trangressus
345 2529 462 2592 'Agricola
472 2533 578 2592 invenit,
587 2545 665 2598 quum
675 2540 699 2577 et
707 2530 810 2585 milites,
819 2527 887 2575 velut
896 2528 988 2576 omissa
1036 2563 1039 2568 .

79 2599 252 2661 expeditione,
260 2600 293 2647 ad
302 2603 500 2661 securitatem,et
510 2604 597 2653 hostes
606 2603 638 2651 ad
647 2604 807 2650 occasionem
819 2599 986 2646 verterentur.

81 2671 241 2719 Ordovicum
252 2672 351 2729 civitas,
361 2673 519 2723 handmultd
528 2686 587 2721 ante
596 2672 735 2720 adventurn
742 2671 796 2732 ejus
804 2704 811 2727 ,
820 2670 885 2715 alam
894 2672 919 2716 in
927 2669 987 2716 lini-

79 2746 132 2793 bus
140 2746 195 2793 suis
203 2756 318 2810 agentem
328 2749 404 2815 propi
415 2752 559 2798 nniversam
571 2748 709 2795 obtriverat
721 2762 726 2792 ε
738 2759 817 2807 eoque
826 2744 898 2792 initio
906 2756 989 2792 erecta

79 2821 226 2886 provincia,
239 2832 268 2869 nt
280 2822 372 2885 quibua
378 2825 473 2871 bellurn
483 2822 627 2872 volentibus
636 2832 699 2876 erat,
713 2821 818 2884 probare
829 2820 991 2885 exemplum,

43 2891 45 2896 ’
80 2897 243 2962 autfrecentis
260 2897 335 2962 legati
348 2902 462 2949 animum
479 2898 600 2964 opperiri.
615 2897 681 2945 Turn
697 2896 831 2961 Agricola,
845 2911 988 2960 quanquam

79 2969 206 3022 transacta
217 2981 304 3029 aestas,
316 2976 398 3037 sparsi
409 2991 454 3038 per
466 2972 624 3038 provinciam
634 2972 732 3019 numeri
739 2989 750 3027 ‚‘
760 2981 908 3035 presumpta
922 2970 989 3036 apud

80 3041 190 3091 militem
201 3043 270 3092 illius
281 3047 340 3093 anni
351 3049 432 3109 quies,
444 3046 513 3094 tarda
522 3058 548 3094 et
555 3046 682 3096 contraria
691 3044 786 3094 benun
794 3043 954 3106 inclinatura,
966 3055 993 3092 et

80 3114 210 3180 plerisque
225 3115 350 3186 custodiri
362 3130 476 3183 suspecta
489 3117 574 3183 potitis
587 3118 730 3182 ridebatur,
742 3118 777 3165 ite
788 3117 889 3165 obviam
902 3116 991 3164 discri-
1020 3153 1023 3157 .

79 3185 148 3234 mini
158 3188 247 3235 statuit
257 3205 263 3235 :
274 3192 460 3255 contractisque
470 3187 599 3256 l'egio'nnm
608 3191 721 3247 uexillis,
737 3203 762 3239 et
772 3190 870 3239 modied
882 3192 991 3237 auxilio-

79 3275 140 3311 rum
150 3274 242 3319 mauu,
254 3265 313 3330 quia
322 3265 347 3311 in
357 3281 455 3327 aequum
465 3262 568 3329 degredi
581 3263 720 3313 Ordovices
729 3282 778 3313 non
790 3263 927 3318 audebant,
938 3264 991 3323 ipss

79 3344 139 3380 ante
151 3348 255 3397 agmen,
270 3340 321 3399 qno
332 3337 424 3392 ceteris
440 3355 484 3403 par
496 3339 594 3388 animus
607 3338 683 3385 simili
694 3338 807 3402 periculo
819 3345 897 3390 estet,
912 3332 991 3380 erexit

79 3406 180 3482 aciemj
196 3406 309 3473 rasaque
324 3408 405 3477 propi
420 3409 538 3466 ttnitersi
552 3421 644 3481 gente,
661 3426 713 3461 non
728 3411 830 3477 ignarus
847 3402 990 3454 instandum

249 3485 255 3492 '
773 3476 829 3533 NB
