2234 3817
161 185 213 239 556
476 194 500 232 e.
523 195 615 232 coru.
634 190 748 233 rtctet

163 281 280 344 Moesiam
292 277 407 327 obtinens
418 313 423 332 ,
433 275 581 340 triumphali
595 275 690 332 statui,
707 271 814 324 Fulvius¹
827 275 966 334 Aurelius.
986 291 1014 332 et
1026 275 1073 330 lue²

164 355 246 402 lienus
255 353 351 411 Titius,
363 366 390 398 ec
398 349 529 400 Numisius
541 348 729 415 Lupusxlegsti
740 351 881 415 legionum,
892 353 1071 404 consularibus

164 426 317 482 ornamentis
335 423 460 470 donantur
474 439 479 467 :
493 421 550 469 laeto
563 422 677 479 Othone,
694 434 718 469 et
731 422 837 486 gloriam
856 425 881 471 iu
899 426 1075 483 retrahente,

75 543 79 546 Α
127 549 134 554 ,
165 511 304 560 «tauquam
317 497 402 560 etipse
415 496 474 542 felir
489 494 571 556 bello,
585 505 611 541 et
621 494 671 544 suis
683 493 790 544 ducibus
802 496 903 561 {uisque
921 500 1074 550 exercitibus

162 563 512 637 rempublicamvaurissetu(
806 567 809 574 “
893 575 901 618 ζ
1060 563 1069 570 ”

194 642 301 693 LXXX.
309 641 390 690 Parvo
400 641 501 688 interim
510 637 592 698 initio,
600 636 668 686 unde
677 637 741 696 nihil
747 639 894 702 timebatur,
905 654 961 691 orta
971 642 1074 702 seditio,

160 714 239 784 prope
250 714 308 761 urbi
319 712 418 764 excidio
431 712 488 759 luit.
508 711 774 774 Septimamtlecitnam
787 711 929 771 cohortem,
942 714 956 761 ὲ
968 715 1070 764 entonis

161 790 285 844 Ostiensi,
295 788 321 835 in
331 788 420 835 urbem
428 786 503 833 acciri
514 785 584 834 Otho
593 784 700 847 iusserat
710 805 716 835 r
725 785 848 835 armandas
860 787 912 850 ejus
921 804 984 837 cura
992 789 1070 838 Vario

160 864 296 929 crispino,
310 862 412 909 tribuno
427 862 441 908 ὀ
459 854 633 924 ptae'torienis,
649 855 717 916 duta.
737 862 762 910 ls
770 900 779 924 ,
796 865 847 926 quh
863 865 941 927 magis
957 879 1070 922 vacuus,

161 938 253 1001 quietis
266 933 370 991 castris,
382 933 448 995 jussa
461 945 654 996 exsequeretur,
665 933 781 988 vehicula
794 935 903 992 =cohortis
913 971 920 991 ‚
932 935 1072 1001 incipiente

111 1011 115 1016 ⁸
162 1023 237 1062 nocte
245 1047 252 1074 ‚
269 1006 383 1078 onerari,
399 1018 488 1072 operto
500 1006 711 1071 armamentario,
723 1006 814 1070 iubet)
827 1020 926 1074 tempus
939 1008 965 1055 in
981 1012 1072 1074 strapi-

162 1087 262 1132 ciouem
272 1102 280 1148 3
292 1099 365 1130 causa
375 1083 401 1129 in
411 1083 521 1142 crimen3
533 1078 657 1127 affectatio
667 1079 761 1143 quietis
770 1082 798 1129 in
810 1083 948 1132 tumultum
955 1083 1071 1131 evaluit:

162 1158 249 1207 etvisa
257 1157 323 1203 inter
334 1153 488 1202 temulentos
500 1168 568 1200 arma
581 1151 727 1217 cupidinem
739 1153 777 1216 sul
790 1170 903 1204 movere.
913 1156 1010 1204 Fremit
1020 1157 1072 1224 ¹¹¹¹?

161 1228 212 1282 les,
224 1239 250 1276 et
259 1226 592 1286 tribunoseenturionesque
606 1225 779 1289 «proditionis
788 1244 803 1275 u
815 1231 912 1293 arguit3
926 1238 1071 1291 «tanquam

162 1301 261 1350 familia
268 1312 412 1352 serratorum
423 1298 453 1346 ad
461 1299 599 1365 perniciem
605 1298 714 1349 Othonis
722 1314 878 1351 armarentur
886 1319 912 1350 u:
922 1318 980 1369 pars
989 1302 1071 1366 ignari

161 1387 188 1423 et
198 1377 257 1423 vino
269 1390 371 1439 grares3
384 1372 507 1436 pessimus
516 1371 623 1436 quisque
635 1373 658 1421 in
670 1373 826 1423 occasionem
835 1374 979 1442 praedarum
991 1394 997 1422 :
1010 1374 1070 1422 vul·

161 1464 208 1513 gns
215 1484 223 1507 ,
232 1461 261 1496 ut
271 1464 326 1496 mos
339 1457 389 1503 est,
400 1445 581 1509 cuiuscumque
594 1445 679 1502 motin
689 1447 748 1496 novi
761 1447 894 1518 cupidum:
909 1460 935 1495 et
948 1447 1070 1512 obsequie

161 1524 296 1572 meliorum
307 1538 358 1568 uox
368 1520 514 1586 abstulerat.
526 1521 694 1568 Resistentem
704 1518 822 1569 seditioni
830 1523 961 1571 tribunum
973 1558 979 1579 ,
991 1533 1017 1569 et
1026 1537 1070 1569 se«

87 1651 95 1660 l
156 1598 303 1649 -veriseimos
314 1595 493 1644 centurionum
506 1593 678 1643 obtruncant:
694 1606 764 1659 rapte
776 1611 856 1655 armo,
870 1591 959 1643 nudati
974 1594 1070 1659 gladii,

107 1716 114 1722 ,
161 1668 300 1720 insidentes
313 1669 383 1730 equis
394 1667 482 1713 urbem
492 1679 521 1712 ac
529 1665 653 1727 palatium
666 1678 766 1729 petunt.
804 1681 806 1690 ’

193 1739 318 1788 LXXXI.
329 1741 389 1790 Erat
400 1735 498 1784 Othoni
508 1733 606 1794 celebre
614 1734 769 1786 ,convivium
779 1773 785 1799 ,
795 1740 953 1806 primoribus
965 1739 1071 1792 feminis

160 1814 285 1879 virisque3
296 1814 338 1877 qui
348 1810 453 1878 trepidi,
461 1807 609 1859 fortuitusne
620 1809 811 1859 militunnsuror
820 1847 827 1868 ‚
836 1827 867 1858 an
877 1811 942 1858 dolis
950 1813 986 1858 im
990 1830 1071 1876 perag

163 1889 238 1948 toris,
251 1902 354 1938 manere
364 1903 393 1937 ac
403 1883 555 1954 deprehendi
566 1897 575 1943 ,‘
587 1902 618 1934 an
629 1882 714 1949 sugere
723 1895 748 1931 et
764 1881 887 1949 dispergi,
899 1884 1070 1948 periculosius

160 1960 243 2026 soret3
254 1960 331 2011 modii
341 1961 509 2011 constantiam
517 1959 647 2024 simulate,
654 1955 732 2006 modi)
741 1956 875 2007 lorrnidine
885 1956 967 2021 detegi
975 1994 985 2019 ,
992 1958 1070 2008 simul

162 2034 271 2085 Othonis
282 2036 382 2085 vultum
394 2034 505 2095 intueri:
517 2029 596 2096 utque
607 2032 706 2088 evenit,
718 2029 844 2079 inclinatis
856 2027 888 2076 ad
898 2030 1069 2100 suspipionent

160 2109 301 2165 mentibus,
312 2123 390 2172 quum
401 2109 501 2154 timeret
510 2104 594 2167 Otho,
604 2105 751 2153 timebatur.
759 2102 808 2151 Sed
819 2102 886 2151 haud
896 2118 966 2149 secus
977 2102 1070 2154 discri-

160 2182 230 2230 mine
240 2180 352 2244 senatus,
367 2179 444 2242 quim
457 2196 504 2227 suo
519 2180 631 2237 territus,
644 2190 669 2242 et
678 2177 807 2242 praefectos
816 2177 924 2242 praetorii
933 2211 940 2234 ,
949 2175 982 2222 ad
997 2178 1071 2226 miti·

153 2255 253 2320 gandas
262 2251 374 2298 militum
386 2252 436 2298 iras
448 2254 535 2300 statim
545 2252 666 2309 miserat,
682 2262 708 2299 et
723 2251 815 2298 «abire
830 2249 935 2316 properi
952 2265 1043 2301 omnes
1056 2251 1069 2301 l

142 2329 143 2332 ’
160 2323 275 2373 convivio
284 2337 299 2367 r
309 2322 390 2379 jussit.
402 2323 468 2368 Turn
478 2321 539 2368 verd
548 2323 640 2385 passim
651 2324 822 2385 magistratus,
834 2324 952 2385 proiectis
961 2324 1069 2391 insigni·

156 2396 220 2449 bns,
232 2391 311 2437 vitati
326 2393 452 2446 comitum
469 2404 494 2439 et
509 2403 639 2440 servorum
651 2390 809 2458 irequeptil,
827 2407 898 2443 senes
908 2393 1069 2466 feminaeque,

153 2482 201 2535 per
213 2463 345 2530 tenebras,
361 2464 457 2512 diversa
468 2462 540 2511 urbis
552 2464 660 2519 itinera,
672 2466 722 2510 rari
734 2462 840 2520 domos,
854 2465 957 2529 plurimi
971 2473 1067 2520 amico·

157 2560 215 2593 rum
234 2545 316 2604 tecta,
336 2551 376 2609 et,
395 2551 423 2589 ut
437 2539 527 2603 cuique
543 2536 704 2587 humillimus
718 2537 798 2587 cliens
810 2574 818 2599 ,
830 2539 941 2590 incertas
956 2543 1066 2594 latebras

156 2614 277 2683 petivere.
472 2660 474 2664 ,
525 2613 529 2618 ’
563 2661 568 2668 ,
656 2607 659 2612 ⁴
921 2677 924 2682 μ

191 2687 327 2739 LXXXII.
339 2687 452 2756 Militum
463 2681 716 2753 impetusueioribus
725 2686 830 2751 quidem
837 2688 1074 2755 palatiicoetcitut..

131 2793 137 2805 -.
158 2762 295 2826 quomiuiss
307 2764 451 2813 conririutn
463 2762 648 2827 irrumperent,
664 2778 678 2806 u
686 2763 787 2810 ostendi
799 2763 849 2812 sibi
861 2763 1008 2813 Othonemn
1019 2779 1065 2811 ex·

157 2837 333 2901 postulantes:
348 2837 482 2886 vulnerato
501 2836 569 2886 lulio
582 2834 718 2894 Martiale,
732 2837 852 2894 tribuno,
868 2847 892 2885 et
905 2837 1009 2884 Vitellio
1021 2838 1064 2885 Sa-

142 2909 282 2968 turnino,
301 2907 420 2971 praeiecto
437 2910 556 2974 legionis·¹
572 2907 633 2956 dum
647 2908 781 2968 ruentibus
796 2909 928 2958 obsistunt.
946 2906 1066 2973 Undique

159 2993 230 3023 arma
242 2982 367 3038 ermina,
381 2983 459 3031 modb
470 2984 497 3030 in
508 2983 668 3030 centuriones
681 2983 856 3045 tribunosque,
866 2975 942 3027 modo
951 2980 977 3024 in
988 2996 1065 3031 sene·
1090 2995 1094 3002 ·

124 3065 127 3072 ’
159 3057 215 3093 tum
227 3047 375 3098 universum
385 3068 390 3096 :
402 3052 540 3117 lymphatis
549 3069 612 3100 cccco
621 3069 714 3117 pavore
723 3051 826 3113 animis,
837 3050 925 3115 etquia
934 3052 1064 3101 neminem

147 3133 241 3173 ‚unum
254 3117 381 3166 destinare
398 3124 440 3172 irre
455 3138 592 3188 poterant,
603 3126 730 3173 licentiam
743 3129 769 3174 in
782 3139 869 3171 omnes
886 3125 1064 3189 poscentibust

162 3186 243 3236 donec
258 3189 339 3251 Otho,
348 3207 439 3262 contra
456 3197 533 3245 decus
544 3198 659 3263 imperii,
679 3198 752 3248 thoro
769 3199 900 3255 insistens,
914 3200 1031 3263 precibus
1040 3210 1064 3249 et

161 3260 281 3327 lacrymis
291 3267 352 3328 aegre
362 3267 497 3320 cohibuit:
511 3271 690 3336 redieruntque
703 3275 730 3320 iu
741 3285 820 3330 castra
831 3274 920 3338 inriti,
935 3288 1017 3336 neque
1026 3275 1065 3322 iu·

160 3345 289 3382 nocentes.
305 3337 485 3408 Posteridie,
501 3344 571 3390 velut
588 3344 659 3407 capti
674 3346 753 3403 urbe,
768 3347 856 3422 clausae
875 3345 980 3403 domus,
992 3360 1062 3396 rarus

159 3417 205 3468 per
212 3407 264 3455 ries
274 3408 399 3474 populus3
412 3425 500 3462 moesta
509 3416 597 3482 plebei
607 3416 696 3482 dejecti
706 3420 732 3472 in
742 3430 837 3477 terrant
847 3421 957 3471 rnilitum
967 3421 1061 3486 ruitur,
