2234 3817
147 118 217 172 290*
461 114 486 158 c.
508 113 603 148 cons.
626 107 748 147 raotrr

149 197 366 263 diciaposcerent,
376 192 467 258 gravis,
474 193 595 251 intentus,
603 207 713 250 severus,
721 202 746 239 et
755 186 844 255 saepiiis
852 187 1010 240 misericors:
1019 189 1067 242 ubi

150 272 234 323 officio
243 266 487 333 satisfactum,nulla
495 264 559 313 nltri
570 266 701 331 potestatis
709 281 815 330 persona
824 282 830 313 a
840 261 983 322 tristitiam,
990 275 1016 313 et
1025 280 1067 311 ar·

152 345 310 410 rogantium,
322 352 347 388 et
359 340 490 387 avaritiam
503 339 633 404 e‘rsuerat:
647 338 751 399 necilli,
763 334 830 400 qnod
842 346 879 382 est
887 336 1049 389 rarissimum
1055 374 1066 398 ,

152 431 196 467 aut
203 417 309 464 facilitas
317 413 503 469 anctoritatem,
510 424 552 459 aut
562 412 797 460 severitasamorenr
808 407 942 458 deminuit.
952 407 1062 475 Integri-

136 482 1065 554 ,tatematqueabstinentiamintantoriroreierre‚injuriarir·tutumiue·

148 568 192 615 rit,
204 563 244 611 Ne
255 562 346 608 lamam
355 549 674 628 quidem,cnietiamsape
682 557 744 608 boni
753 556 884 620 indulgent
894 592 901 615 ,
912 556 1064 606 ostentandi

150 640 261 696 virtute,
276 644 319 679 aut
334 648 379 697 per
396 643 476 679 artem
489 632 616 695 quaesivit:
632 630 721 696 procul
733 630 764 677 ab
774 630 932 693 aemulatione
942 630 1064 679 adsersus

149 711 273 773 collegas.
285 707 373 772 procul
386 705 399 754 ai
411 707 575 754 contentione
587 705 708 754 adversus
720 692 910 771 prbcuratores:
923 696 949 753 et
961 706 1063 755 vincere

112 791 117 795 ’
149 777 298 849 inglorium,
308 792 333 833 et
344 781 419 828 atteri
428 780 561 829 sordidum
570 780 744 828 arbitrabatur.
755 776 842 828 Minus
851 780 989 827 triennium
1001 780 1026 827 in
1034 777 1063 827 ei

149 858 275 925 legatione
288 857 420 912 detentus,
434 870 463 903 ac
479 857 566 902 statim
578 854 609 903 ad
622 869 693 920 spem
705 852 850 926 consulatis
861 864 993 901 revocatus
1010 865 1063 918 est,

148 934 287 982 eomitante
298 928 594 994 opinione,liritanulam
606 928 628 975 ei
638 929 797 993 provinciam
808 928 878 994 dari3
890 927 966 977 nullis
979 929 1004 975 in
1012 927 1061 977 boc

149 1007 202 1056 suis
210 1002 431 1059 sermonibus,serl
441 1002 499 1066 quia
509 1017 552 1066 par
562 999 705 1050 ridebatur.
716 1001 791 1051 Haud
800 1018 899 1066 semper
908 1012 974 1049 errat
981 999 1061 1058 lama,

148 1076 285 1141 aliquando
302 1088 328 1125 et
344 1076 428 1141 elegit.
445 1076 541 1124 Consul
556 1075 658 1140 egregiae
674 1084 728 1124 tum
744 1076 796 1141 spei
810 1070 888 1124 filiam
901 1075 987 1140 iuveni
998 1074 1064 1124 milri

151 1151 300 1220 despondit,
316 1167 345 1199 ac
362 1162 420 1217 post
440 1151 599 1199 consulatum
615 1147 749 1198 collocavit
758 1187 765 1209 ,
784 1163 809 1198 et
825 1151 914 1200 statim
931 1151 1063 1200 Britannia

149 1226 299 1296 praepositus
312 1235 365 1283 est,
376 1222 473 1287 adjecto
487 1221 648 1290 pontificatis
664 1222 816 1278 sacerdotio.

181 1299 216 1346 X.
224 1297 358 1345 Britanniae
367 1298 444 1344 situm
454 1297 624 1362 populosque,
633 1298 720 1348 multis
730 1297 894 1365 scriptoribus
901 1307 1065 1356 memoratos,

151 1387 203 1420 uon
224 1372 249 1427 in
270 1372 485 1435 comparationem
503 1388 568 1419 curae
586 1370 712 1434 ingeniive
729 1372 856 1438 referam3
874 1371 920 1419 sed
929 1372 987 1436 qnia
1007 1381 1061 1416 tum

150 1442 264 1510 primum
278 1441 421 1508 perdomita
432 1456 486 1503 est·,
502 1444 603 1507 itaque,
615 1457 668 1506 quae
680 1443 778 1506 priores
790 1444 903 1493 noudum
916 1453 1061 1509 comperta,

157 1515 301 1582 eloquentii
313 1515 474 1579 percoluere,
485 1532 570 1564 rerum
585 1515 634 1562 lide
655 1514 794 1568 tradentur.
807 1517 952 1575 Britannia,
965 1517 1064 1565 insula,

154 1610 211 1643 rum
223 1608 284 1657 quas
295 1592 409 1638 Romana
427 1592 515 1638 notitia
526 1590 705 1653 complectitur
720 1591 843 1649 maxima,
861 1593 942 1655 spatio
953 1606 983 1639 ac
1000 1589 1065 1638 coelo

155 1671 181 1719 in
201 1666 332 1715 Orientem
353 1664 507 1730 Germania,
525 1664 550 1707 in
569 1660 733 1711 Occidentem
751 1665 878 1728 Hispania
892 1663 1079 1714 obtenditurt*

156 1738 238 1788 Gallis
254 1740 277 1786 in
291 1735 423 1785 Meridiem
434 1737 510 1784 etiam
521 1734 667 1799 inspicitur:
684 1736 890 1797 septentrionalia
900 1736 968 1799 ejus,
984 1736 1066 1784 nullis

153 1814 243 1861 contri
256 1812 343 1867 terrio,
355 1821 426 1856 vasto
437 1820 512 1871 atque
522 1817 608 1871 aperto
619 1806 684 1855 mari
694 1804 837 1871 pulsantur.
850 1808 970 1872 For-inam
980 1809 1065 1858 totius

155 1886 291 1934 Britanniae
304 1884 392 1932 Livius
401 1894 516 1930 veterum
527 1919 532 1937 ,
544 1873 638 1932 Fabius
649 1880 767 1929 Rusticus
778 1883 917 1930 recentium
937 1881 1066 1945 eloquen-

153 1960 246 2008 tissimi
255 1970 386 2014 auctores,
397 1957 511 2021 oblonga
521 1956 637 2015 scutula,
653 1956 694 2003 rel
706 1954 811 2021 bipenni
828 1954 1024 2004 atlsimularire:
1039 1966 1065 2004 et

153 2043 193 2082 est
210 2049 237 2081 ea
252 2031 327 2081 iacies
344 2031 406 2078 citra
423 2028 606 2087 Caledoniam,
627 2019 732 2080 undeet
750 2029 775 2077 in
788 2030 931 2078 uuirersum
943 2028 1007 2077 sama
1024 2034 1067 2078 est

154 2118 330 2169 transgressa:
348 2102 392 2151 red
409 2104 563 2151 immensum
582 2112 608 2149 et
623 2116 726 2150 enorme
744 2103 853 2167 spatium
863 2093 1066 2167 procurrentium
1102 2110 1111 2116 “

154 2190 268 2227 extremo
285 2177 334 2237 iam
352 2176 438 2225 littore
454 2187 577 2224 terrarum
586 2208 593 2231 ‚
611 2176 681 2222 velut
696 2176 842 2240 incunenm
854 2186 979 2223 tenuatur.
991 2174 1065 2224 Hane

153 2265 222 2297 oram
230 2244 360 2292 notissimi
374 2244 449 2290 maris
461 2254 523 2291 tunc
538 2244 779 2307 primirm‘Romana
793 2247 882 2295 classis
889 2249 1066 2310 circumtecta,

154 2319 263 2367 insulam
274 2330 328 2363 esse
346 2315 504 2362 Britanniam
522 2315 682 2378 adfirmavit,
701 2333 729 2364 ac
746 2318 820 2365 simul
838 2319 978 2384 incognitas
994 2321 1026 2370 ad
1040 2322 1066 2370 id

152 2404 253 2454 tempus
265 2386 374 2448 insulas,
387 2401 447 2449 quas
458 2384 569 2432 Orcadas
580 2393 672 2434 vocant
683 2423 689 2444 ‚
701 2389 799 2435 invenit
809 2424 817 2445 ,
828 2388 977 2456 domuitque
990 2411 996 2441 ι
1009 2393 1067 2443 dis·

154 2477 228 2533 pecta
241 2472 278 2510 est
289 2472 315 2509 et
322 2458 422 2518 Thule,
435 2465 510 2521 quarn
521 2453 642 2506 bactensis
660 2458 717 2522 nix,
735 2470 761 2508 et
775 2459 858 2512 hiems
874 2463 1002 2514 abdebat:
1021 2467 1065 2517 scd

88 2583 104 2590 -
156 2537 334 2603 marepigrum
345 2546 370 2582 et
383 2549 458 2599 grave
470 2532 654 2597 remigantibus
666 2531 817 2604 perbibent:
831 2553 862 2584 ne
872 2539 955 2587 rantis
966 2540 1068 2605 quidem

100 2637 105 2642 ·
155 2611 260 2682 perinde
271 2603 367 2674 attolli3
379 2607 454 2657 credo
465 2644 471 2668 ,
481 2605 551 2672 quod
562 2606 670 2656 rariores
682 2615 930 2677 terraa'moutesque,
946 2632 1018 2664 causa
1035 2635 1065 2667 ac

157 2687 263 2737 materia
279 2693 474 2749 tempestatum,
486 2691 512 2727 et
524 2677 650 2745 profunda
660 2682 742 2730 nroles
754 2683 868 2734 continui
886 2679 961 2737 maris
972 2689 1066 2740 tardius

158 2760 309 2825 impellitur.
330 2757 452 2805 Naturam
473 2754 661 2824 Oceaui‘ttque
681 2767 754 2804 aestus
766 2774 848 2822 neque
865 2777 973 2823 quaerere
984 2762 1067 2826 'buiris

159 2834 243 2897 operis
257 2843 310 2890 est,
324 2847 353 2878 ac
367 2831 442 2878 multi
453 2829 577 2878 retulere:
593 2846 671 2879 uuum
683 2829 840 2891 addiderim,
858 2850 979 2896 nusquam
991 2837 1067 2887 latibs

160 2904 286 2950 dominari
296 2919 364 2950 mare
375 2940 383 2962 ,
394 2905 503 2950 multum
516 2903 650 2949 iluminunr
660 2901 709 2951 buc
720 2917 794 2969 atque
808 2906 866 2952 illuc
875 2904 952 2965 serre,
964 2899 1068 2960 nectit.

159 2977 215 3013 tore
234 2979 306 3013 tenus
324 2966 470 3014 adcrescere
482 2980 524 3014 aut
538 2968 679 3028 resorberi,
696 2970 740 3016 sed
757 2971 859 3020 influere
874 2969 974 3033 penitris
990 2985 1068 3039 atque

159 3038 271 3095 ambire,
283 3039 359 3083 etiam
368 3038 433 3102 jugis
442 3052 516 3103 atque
528 3040 658 3088 montibus
668 3043 744 3092 inseri
755 3045 823 3094 velut
833 3041 858 3094 iu
868 3058 923 3091 suo.

191 3110 240 3157 Xl.
255 3109 372 3158 Cetei-iun
390 3114 546 3161 Britanniam
559 3115 603 3176 qui
619 3100 738 3164 mortiise
754 3116 828 3163 initio
843 3114 986 3176 coluerint,
998 3119 1067 3167 iudi-

160 3182 1069 3254 genaeanadrecti‚utinterbar·ba1·os‚parrimcompertumlla'bituscor·

158 3267 249 3319 porum
258 3255 334 3320 var-ti,
344 3265 454 3322 alqueer
463 3273 655 3322 coargumenta.
665 3259 731 3309 Natu
741 3264 820 3310 rutilae
828 3262 990 3312 Caledoniam
997 3263 1070 3315 babi-

159 3328 267 3385 tantium
278 3342 369 3394 coma,
383 3330 467 3400 magni
482 3341 568 3389 artus,
586 3332 764 3388 Germanicam
777 3335 902 3404 originem
912 3333 1068 3388 atisererant.
