2234 3817
943 27 953 68 )

309 159 311 164 ’
378 164 555 207 turturum
572 167 640 207 ers.
658 170 720 208 xrs.
948 162 993 215 181

87 252 188 305 tuosict
202 246 335 318 opulentia
346 247 407 316 pdss
415 251 590 316 magnitudine
602 266 707 298 onerum
717 262 836 320 urgente,
844 254 930 323 finem
945 266 996 311 aot

89 328 196 378 modum
208 326 328 380 orabant,
340 321 472 371 adnitente
483 325 611 389 principe,
623 325 667 387 qui
676 341 693 371 ct
701 324 811 375 Thracio
832 328 999 394 Bosporano·'

35 437 39 440 «
84 417 134 464 que
144 401 211 449 bello
221 400 308 449 reodns
318 397 397 447 lessos
411 398 605 464 jurandasque»
618 400 715 448 retulit.
727 399 765 449 lta
777 403 872 452 tributa
884 405 910 452 iu
919 406 995 470 quin·

84 459 227 539 guenniun's
240 474 356 520 remissa.
681 508 684 512 .

113 545 210 596 LXIV.
225 545 264 595 M.
279 545 386 601 Asinio,
404 542 490 591 Manio
504 541 589 593 Acilio
601 560 666 594 coss.
682 546 850 596 mutationem
865 565 952 599 rerum
969 550 996 601 iu

86 617 202 684 deterius
213 618 347 686 portendi,
358 616 487 681 cognitum
494 628 534 665 est
541 618 637 667 crebris
645 618 781 685 prodigiis:
790 621 864 686 Signa
872 639 901 670 ac
910 634 997 671 tento-

84 691 125 739 ria
134 692 245 739 militum
257 692 315 755 igne
328 689 424 738 coelesti
434 687 533 737 arsere:
549 688 648 755 fastigio
659 691 781 755 Capitolii
791 709 898 741 eramen
909 694 995 761 apium

88 763 200 831 insedit:
216 763 340 812 biformes
356 762 491 811 homiuum
501 773 604 828 partus,
624 775 650 812 et
664 764 716 812 suis
727 766 815 814 foetum
827 766 940 824 editum,
954 768 996 817 cui

86 836 238 901 accipitrum
248 853 346 901 ungues
355 835 476 888 inessent·
487 834 676 885 Numersbatttu
684 837 750 886 inter
760 850 868 898 ostenta,
880 840 996 889 deminu-

65 960 71 965 ,
84 911 255 959 ῐιιςόωηὶιιιιι
268 912 463 975 magistratuum
474 925 609 974 numerus,
626 922 763 974 quaestore,
774 912 856 975 sedili,
875 913 994 975 tribuno,

85 993 197 1049 praetore
206 999 235 1032 ac
244 985 349 1034 consuls
358 1000 467 1049 ‚paucos
478 986 544 1033 intra
556 999 656 1033 meuses
666 984 801 1035 defunctis.
813 985 896 1033 Sedis
908 987 997 1050 prasci·

84 1069 146 1119 puo
154 1071 250 1119 pavore
261 1055 399 1123 Agrippina
411 1070 506 1104 vocem·
513 1056 629 1115 Claudii,
639 1074 715 1121 quam
725 1058 879 1107 temulentus
886 1058 995 1122 jecerat,

86 1126 190 1177 «fatale
202 1130 250 1178 sibi
258 1166 265 1186 ,
273 1142 302 1179 nt
311 1130 447 1194 coniugum
453 1130 547 1195 flagitia
555 1130 646 1190 ferret,
657 1130 716 1179 dein
724 1133 856 1196 puniret»,
866 1143 995 1197 metueus3

85 1215 162 1265 agere
173 1214 200 1252 et
212 1205 321 1254 celerare
332 1207 436 1262 statuit,
451 1203 552 1270 perditi
563 1204 633 1273 priris
649 1204 763 1254 Domitii
781 1204 888 1270 lepidi,
901 1206 996 1254 mulie-

83 1272 176 1322 oribus
188 1278 268 1325 causis
278 1296 283 1326 :
294 1279 354 1342 quia
364 1276 460 1342 Lepida
469 1278 569 1326 minore
578 1278 692 1328 Antonii.
697 1277 797 1343 genita,
806 1279 931 1327 arunmtlo
942 1280 996 1327 Au·
1029 1269 1043 1282 ¹

56 1412 60 1418 ,
85 1355 179 1412 gusto,
191 1349 334 1417 Agrippina
348 1351 451 1399 sobrina
464 1351 548 1414 prior,
560 1366 589 1412 ac
602 1349 671 1401 cnut
684 1351 771 1400 mariti
782 1348 837 1414 ejus
848 1366 934 1407 soror,
946 1366 995 1414 pa·

86 1429 146 1467 rem
157 1421 205 1470 sibi
216 1421 393 1488 claritudinem
404 1422 541 1471 credebat:
553 1424 696 1473 nee=forma
706 1460 713 1487 ,
724 1436 799 1489 atas,
812 1440 873 1489 opes
884 1424 996 1473 multitm

89 1492 237 1560 dietabant,
251 1508 277 1545 et
287 1508 394 1561 utraque
406 1497 548 1564 impudica,
567 1496 682 1562 infamis,
694 1499 820 1556 violenta,
832 1497 900 1547 lrattd
911 1496 997 1546 mimis

82 1566 160 1615 uitiis
173 1569 372 1634 aemulabantur,
383 1570 458 1633 quim
467 1574 491 1619 si
500 1588 549 1636 qua
558 1588 589 1621 ex
598 1570 700 1620 fortuni
710 1570 831 1637 prosperii
838 1581 995 1636 acceperant.

86 1637 229 1690 Enimverd
248 1655 374 1691 certamen
395 1645 557 1702 acerrimum,
578 1645 655 1692 amita
671 1640 773 1708 potitis,
789 1659 822 1689 an
835 1654 917 1692 mater
927 1641 997 1708 apud
1039 1665 1051 1672 -

84 1714 217 1764 Neronem
231 1717 387 1780 prevaleret.
399 1716 575 1784 Namphepida
588 1717 772 1772 blandimentis
782 1729 807 1764 et
819 1717 997 1781 largitionibus

84 1786 228 1854 juvenilem
241 1789 356 1837 animum
369 1789 545 1852 devinciebat‚
558 1793 623 1840 truci
630 1820 641 1850 ‚-
656 1790 745 1839 contri
756 1806 785 1837 ae
795 1790 889 1837 minaci
903 1789 997 1856 Agrip·

86 1860 163 1926 pind,
176 1878 230 1926 quae
240 1861 294 1911 filio
310 1861 368 1911 dare
383 1864 534 1928 imperium,
548 1865 655 1912 tolerare
670 1864 857 1928 imperitantem
866 1864 997 1927 nequibat.

122 1932 204 1982 va.
217 1928 337 1983 Ceterirm
346 1935 444 1999 objecta
457 1949 516 1985 sunt
526 1953 541 1983 a
549 1936 619 1999 qnod
629 1936 774 2000 conjugium
785 1935 906 1998 principis
918 1934 996 1984 dero·

92 2004 208 2053 tionibus
219 2007 362 2071 petivisset,
371 2008 506 2074 quidque,
516 2007 607 2073 partim
616 2009 732 2057 coercitis
741 2021 788 2069 per
795 2006 936 2054 Calabriam
946 2024 1001 2056 ser·

91 2092 187 2125 rorum
201 2078 357 2145 agminibus,
368 2097 458 2145 pacem
470 2082 547 2129 ltaliae
558 2082 680 2131 turbaret.
692 2078 733 2126 Ob
746 2077 796 2124 haee
809 2092 877 2124 mors
889 2076 999 2138 indicta,

90 2150 204 2201 multirm
220 2151 364 2202 adversante
377 2155 514 2213 Narcisso3
526 2157 572 2220 qui
586 2153 753 2220 Agrippinam
770 2151 850 2215 magis
869 2152 997 2216 magisque

92 2236 254 2290 suspectans,
271 2229 425 2293 prompsisse
446 2229 513 2277 inter
525 2228 655 2293 proximos
666 2226 804 2302 lerebyrr,
819 2236 935 2273 «certam
948 2225 999 2276 sitsi

90 2298 243 2362 perniciem,
258 2315 302 2348 seu
321 2301 478 2350 Britannicus
494 2318 596 2366 rerum,
615 2317 659 2349 seu
671 2300 738 2349 Nero
748 2293 882 2364 potietur·
900 2296 998 2354 Vtrflffl

92 2372 130 2419 ita
141 2370 172 2419 de
187 2389 212 2420 se
223 2375 343 2422 meritum
355 2376 491 2435 Caesarem,
502 2389 531 2425 ut
542 2380 620 2426 vitam
630 2376 686 2424 usui
692 2374 746 2439 eius
753 2371 918 2438 impenderet.
933 2374 1004 2422 Gon·

91 2446 185 2495 vietam
203 2447 377 2502 Messallinsm
397 2460 423 2496 et
440 2449 541 2498 Silium.
562 2452 640 2500 Pares
656 2446 749 2496 iterim
764 2445 897 2499 accusandi
913 2461 1001 2495 causas

91 2537 158 2584 esse,
170 2522 192 2570 si
200 2522 271 2570 Nero
282 2522 447 2586 imperitaret.
459 2524 605 2573 Britannico
616 2520 880 2576 successore‚trnllum
889 2519 1000 2583 principi

88 2598 225 2654 rueriunn,
240 2610 269 2641 ac
284 2612 396 2644 novercae
411 2597 512 2646 insidiis
525 2596 745 2645 domumomnem
760 2591 882 2642 convelli.
902 2589 996 2652 majore

88 2667 204 2729 flagitio,
215 2666 290 2728 quim
300 2669 320 2715 si
329 2667 512 2734 impudicitiam
521 2670 613 2736 prioris
620 2667 735 2730 conjugis
747 2663 1004 2727 reticuissettouau·

93 2753 173 2800 quam
188 2754 219 2783 ne
234 2738 415 2803 impudicitiam
426 2741 530 2805 quidem
544 2754 612 2789 nuuc
622 2739 723 2794 abesse,
740 2735 852 2783 Pallante
867 2732 1002 2801 adulterat
1040 2799 1043 2800 7

92 2825 128 2858 tre
138 2810 195 2871 quis
203 2810 329 2875 ambigat,
339 2812 434 2872 decus,
446 2813 570 2877 pudorem
577 2850 587 2872 ,
601 2807 709 2876 corpus,
721 2817 810 2856 eructa
819 2823 895 2872 regno
910 2809 999 2861 viliora

88 2881 183 2946 habere
195 2899 219 2931 n.
233 2884 291 2932 Haeo
299 2897 373 2951 etque
385 2889 444 2936 talia
454 2886 588 2943 dictitans,
600 2885 719 2951 amplecti
730 2883 1000 2932 Britannicumvtero·

88 2957 139 3006 bur
153 2958 234 3006 aetatis
250 2958 327 3023 quiin
338 2963 540 3010 maturrimum»
556 2961 673 3027 precari:
691 2956 769 3007 modd
781 2954 813 3004 ad
831 2955 906 3011 deos,
919 2952 1001 3006 modo

90 3031 124 3079 ad
136 3033 219 3096 ipsum
232 3033 338 3083 tendere
349 3052 456 3090 manus,
468 3035 655 3091 «adolesceret,
670 3033 748 3098 patris
759 3031 875 3080 inimicos
886 3030 1001 3097 depelle-

87 3123 129 3162 ret
139 3129 144 3159 :
155 3114 246 3164 matris
253 3115 331 3163 etiam
340 3117 511 3166 interfectores
523 3118 686 3164 alenceium
695 3132 723 3163 u,
995 3135 1000 3142 ·

120 3184 218 3238 LXVI.
226 3187 261 3238 lta
274 3190 357 3238 tantd.
365 3191 583 3245 molecurarum,
601 3183 723 3237 Claudius
733 3183 998 3236 valetudineatlrsrsi

88 3262 250 3326 corripitur,⁴⁴
261 3261 468 3326 relorendisque‘
478 3262 576 3321 viribus
592 3260 701 3307 mollitie
722 3259 792 3316 eccli,
811 3269 837 3306 et
853 3259 1001 3308 salubritate

88 3350 229 3398 aquarum,
242 3336 388 3388 Sinuessam
401 3338 493 3401 pergit.
504 3335 722 3398 Tumllgrippina
738 3332 839 3380 sceleris
848 3331 909 3378 olim
918 3340 985 3377 certa
992 3349 1003 3388 i

88 3409 212 3464 stubtaa
228 3411 371 3463 occasionis
383 3426 489 3477 propera
497 3425 565 3477 gneo
578 3408 751 3458 ministrorum
766 3419 856 3469 egens,
867 3401 898 3449 de
910 3416 1004 3465 genere
