2234 3817
448 187 628 223 acaronis.
944 180 993 248 apis

76 258 166 316 suere,
175 269 200 308 et
208 256 333 326 presidiis
343 258 499 324 castellisque
507 259 681 321 circumdate,
691 257 759 310 tautd
769 263 865 312 ratione
874 264 993 330 carique,

74 345 106 382 ut
122 333 200 381 nulla
206 331 408 382 anteBritanniae
418 349 483 379 nova
496 331 552 397 pars
563 333 706 382 inlacessita
719 338 859 386 transierit.

111 407 188 456 xxt.
198 408 309 471 Sequens
319 405 403 454 biems
415 406 586 454 saluberrimis
597 407 710 455 consiliis
721 408 872 495 absumpta
886 429 994 479 namque

75 492 107 530 nt
119 479 239 529 homines
250 472 358 547 dispersi
374 495 402 527 ac
414 479 504 534 rudes,
517 480 598 544 etque
613 480 682 529 bello
692 482 791 541 faciles,
804 486 884 547 quieti
900 500 925 535 et
937 489 991 537 otio

72 570 123 621 per
135 556 278 621 voluptates
287 553 479 619 adsuescerent3
492 553 589 603 hortari
596 554 732 620 privatim,
742 555 862 620 adjurare
872 560 1025 625 publiol,

73 641 107 677 ut
118 630 229 694 templa,
240 628 293 678 lora
303 665 307 684 ,
319 625 409 677 domus
418 638 591 688 exstruerent,
605 626 751 677 laudando
746 643 889 697 promptos,
904 645 930 682 et
938 650 991 683 cas·

73 701 184 766 tigando
201 717 305 765 segnes:
322 701 357 748 ita
370 700 473 747 lionoris
493 699 619 750 aemulatio
631 717 677 767 pro
694 705 844 753 necessitate
855 717 917 755 erat.
933 709 990 756 lam

76 773 141 824 verb
150 775 293 839 principum
307 773 371 821 filios
385 771 532 819 liberalibus
546 773 644 820 artibus
658 773 771 837 erudire,
786 788 811 823 et
822 777 920 842 ingenia
929 780 990 827 Bri-

76 859 218 897 cannosum
238 846 327 896 studiis
344 846 478 893 Gallorum
502 844 642 902 anteferre,
665 859 695 895 ut
713 851 759 912 qui
776 849 853 898 nrodd
877 852 989 915 linguam

75 922 222 970 Romanam
240 921 402 977 abnuebant,
420 920 589 983 eloquentiam
603 924 827 988 concupiscerent:
847 923 903 972 inde
913 928 989 977 etiam

75 992 183 1043 babitds
197 997 278 1043 nostri
294 994 392 1051 honor,
407 1005 432 1040 et
445 991 563 1056 frequens
578 1006 636 1059 toga
651 996 838 1061 :paulatimque
851 995 988 1049 discessum

76 1068 110 1117 ιιι
127 1068 296 1118 delinimenta
315 1070 448 1128 vitiorum,
466 1071 594 1133 porticus,
611 1082 637 1117 et
652 1071 756 1128 balnea,
774 1083 800 1119 et
814 1073 989 1122 convitiorum

76 1142 244 1207 elegantiam:
254 1141 328 1207 idque
343 1140 411 1207 apud
423 1143 554 1206 imperitos
567 1145 728 1197 burnant'tns
744 1146 894 1203 vocabatur,
911 1162 989 1209 quum

74 1233 135 1284 pars
145 1218 274 1267 servitutis
285 1230 359 1266 esset.

113 1291 203 1341 XXll.
215 1294 318 1342 Tertius
330 1289 523 1357 expeditionum
533 1307 616 1340 annus
627 1306 706 1342 novas
713 1304 800 1359 gentes
809 1293 922 1360 aperuit,
933 1307 990 1343 ras*

76 1365 139 1413 tatis
150 1380 226 1428 usque
237 1364 269 1413 ιιι
284 1364 366 1413 Τιιιιιι
376 1364 507 1429 (estuario
519 1382 613 1418 nomen
624 1367 676 1432 eat)
688 1369 833 1417 nationibus
846 1386 852 1416 ι
870 1366 918 1432 qud
932 1365 987 1415 lor·

77 1436 178 1485 midine
187 1437 268 1487 territi
278 1436 372 1490 hostes,
380 1451 524 1500 quanquam
533 1440 706 1489 contlictattrna
717 1442 787 1489 raris
796 1438 987 1507 tempestatibus

77 1512 221 1560 exercitum
228 1511 350 1559 lacessere
360 1526 411 1557 non
421 1512 475 1558 ausi
485 1529 491 1558 :
509 1510 683 1576 ponendisque
696 1516 798 1578 insuper
807 1514 914 1562 castellis
925 1529 984 1578 spa·

77 1586 145 1633 tium
158 1583 216 1632 suit.
235 1582 399 1634 Atlnotabant
412 1584 487 1649 periti
499 1617 505 1640 ,
517 1602 570 1632 uon
582 1584 659 1633 alium
678 1585 768 1635 ducem
784 1588 986 1653 opportunitates

76 1659 196 1707 locorum
204 1654 343 1722 sapientitis
350 1656 439 1720 legisse
447 1674 454 1720 5
462 1657 562 1704 nullum
571 1657 601 1705 ab
607 1655 725 1723 Agricoli
735 1661 846 1725 positum
855 1663 986 1727 castellum

77 1745 122 1782 aut
132 1732 156 1779 vi
166 1731 279 1779 bostium
290 1741 478 1795 expugnatum,
488 1741 532 1779 aut
543 1732 660 1795 pactione
669 1748 698 1780 ac
708 1732 765 1797 lugd
778 1732 914 1782 desertum.
924 1734 986 1782 Cre·

78 1805 130 1855 brae
146 1806 310 1871 eruptiones:
326 1820 385 1853 nam
402 1802 523 1852 adversus
542 1821 628 1853 moras
646 1806 785 1864 obsidionis
802 1807 892 1856 annuis
905 1806 986 1874 copiis
994 1851 1014 1874 λ

79 1878 244 1928 firmabantur
254 1896 261 1925 ι
274 1877 309 1925 ita
319 1875 443 1942 intrepida
453 1876 489 1924 ibi
497 1875 578 1925 hiems
584 1910 592 1937 ‚
603 1888 629 1924 et
638 1879 685 1925 sibi
695 1878 801 1943 quisque
810 1879 937 1946 praesidio,
947 1881 986 1941 irc·
1017 1886 1036 1900 ““

78 1952 138 2001 ritis
146 1949 271 2006 hostibus,
281 1949 360 2013 adque
371 1949 576 2015 desperantibus,
585 1951 644 2012 quia
655 1949 724 2000 soliti
733 1947 883 2017 plerumque
893 1953 985 2002 damna

78 2020 292 2078 testatishibernis
300 2023 433 2072 eventibus
441 2037 563 2088 pensare,
578 2032 632 2069 tum
643 2032 727 2072 aestate
736 2023 901 2086 atquebieme
916 2023 986 2090 justit

75 2096 245 2164 pellebantur
258 2095 311 2144 Nec
326 2096 443 2162 Agricola
454 2110 569 2159 unquam
583 2110 630 2161 per
644 2096 708 2144 alios
719 2105 786 2161 gesta
798 2093 907 2147 avidus
900 2109 984 2146 anter·

78 2171 160 2236 cepit:
169 2187 213 2218 seu
222 2170 347 2227 centurio,
358 2186 403 2219 seu
414 2168 564 2237 prefectus,
576 2170 751 2254 incorruptum
760 2165 820 2218 lacti
830 2181 921 2220 testem
935 2170 985 2221 ba·

77 2243 162 2297 bebat.
178 2240 255 2307 Apud
266 2240 391 2305 quosdam
407 2241 538 2290 acerbior
531 2256 558 2289 sn
572 2242 695 2291 conviciis
704 2241 863 2305 durabatur,
872 2255 900 2291 ut
910 2244 984 2293 bonis

78 2317 175 2373 comis,
185 2314 221 2363 ἰιι
232 2313 353 2364 adversita
363 2314 444 2364 malos
454 2314 626 2379 injucundus.
634 2328 748 2365 ceterum
760 2330 792 2364 ex
804 2316 966 2367 iracundid'
941 2334 985 2366 nr·

78 2389 116 2439 bil
124 2401 269 2454 supererat:
280 2402 406 2438 secretum
416 2401 442 2439 et
453 2389 583 2441 silentium
591 2392 646 2453 ejus
658 2408 709 2439 non
719 2392 837 2441 timeres:
853 2391 984 2442 honestitls

77 2462 336 2531 putabatcllendete‚
351 2461 427 2528 quim
438 2462 529 2512 odisse.

107 2535 204 2586 XXlll.
219 2538 315 2600 Quarta
327 2538 572 2600 aesusobtinendis,
586 2553 640 2602 quae
653 2548 826 2602 percurrerat,
837 2536 981 2619 insumpta:

78 2627 107 2660 ac
120 2613 141 2659 si
153 2613 235 2658 tirtus
245 2612 403 2659 exercituum
414 2622 439 2660 et
454 2614 561 2660 Romani
577 2612 687 2659 nominis
697 2611 776 2674 gloria
788 2619 932 2674 pateretur,
943 2609 983 2655 irs·

78 2695 169 2731 ventus
179 2675 205 2729 in
215 2682 267 2747 ipsi
279 2683 405 2733 britannici
415 2687 550 2734 terminus.
559 2685 624 2731 Nam
632 2684 707 2730 Glota
717 2694 743 2729 et
753 2679 881 2740 Bodotria,
890 2681 983 2730 diversi

78 2755 156 2802 maris
169 2753 269 2802 astibus
283 2771 328 2820 per
345 2759 498 2805 immensum
512 2767 632 2813 resectas,
644 2765 750 2819 augusto
765 2765 889 2802 terrarum
901 2754 983 2819 spatio

78 2826 251 2894 dirirttnntur5
265 2828 332 2891 quod
350 2841 404 2878 tum
420 2829 542 2894 presidiis
555 2826 719 2875 firmabatur:
738 2839 814 2890 atque
824 2829 907 2875 omni'a
919 2844 983 2891 pro·
1056 2821 1060 2826 ’

76 2902 131 2969 pior
142 2903 210 2950 sinus
219 2903 366 2965 tenebatur,
379 2903 512 2952 summotis
523 2897 630 2951 velutin
641 2902 716 2951 aliam
725 2903 833 2951 insulam
845 2901 968 2951 hostibus.
983 2901 993 2970 J

107 2974 207 3024 XXIV.
222 2978 322 3039 Quinto
335 2978 526 3042 expeditionum
538 2994 618 3036 anuo,
630 2993 691 3024 uste
704 2973 784 3042 pritnd
797 2987 981 3041 tnnsgr‘eaaus,

76 3047 209 3111 ignotaaatl
218 3049 244 3095 id
255 3062 357 3116 tempus
365 3063 453 3113 gentes
463 3050 558 3098 crebris
569 3050 644 3098 simul
654 3066 683 3096 ac
691 3049 819 3114 prosperis
830 3050 921 3115 praeliis
930 3048 982 3096 do·

78 3120 154 3182 muit5
166 3137 269 3186 eamque
282 3137 384 3189 partem
397 3122 532 3186 britanniae
543 3138 598 3185 quse
609 3121 758 3171 Hiberniam
771 3119 982 3188 adspicit‚‚copiis
1054 3121 1064 3139 ⁹

75 3193 204 3254 instruxit,
220 3194 244 3241 iu
261 3212 333 3261 spem
350 3194 443 3258 magia,
457 3194 533 3257 qu'arn
548 3195 582 3243 ob
594 3193 774 3245 formidinem:
793 3195 918 3261 siquidem
931 3192 982 3250 Hi,-

75 3268 173 3326 beruia,
183 3268 268 3318 medio
279 3272 347 3319 inter
357 3271 513 3318 Britanniam
526 3281 601 3334 atque
614 3268 761 3354 Hispaniam
772 3270 833 3333 sita,
847 3280 872 3316 et
883 3265 981 3315 Gallico

40 3377 43 3380 .
75 3355 171 3423 quoque
185 3341 423 3409 matiopportuna,
442 3343 660 3391 valentissimam'
654 3357 754 3407 impetu
767 3354 866 3408 partem
883 3334 980 3400 mesnss

74 3412 179 3462 laricem
189 3411 278 3462 usibus
286 3415 425 3466 miscuerit
435 3414 581 3482 Spatium
560 3431 628 3482 etus,
637 3430 659 3466 ιι
651 3413 800 3534 tritanu}
809 3418 980 3534 cpmpnretm
