2234 3817
109 41 159 93 sot
388 70 392 76 ·
424 54 449 90 o.
467 51 695 93 cocurreret

108 152 163 200 quae
177 133 260 185 tristis
272 133 380 185 audiret.
393 134 507 199 Speciem
521 146 606 184 tamen
618 135 714 184 doloris
727 133 812 183 animo
825 134 950 201 vultuque
965 149 1022 201 pra

110 225 140 260 se
152 209 226 266 tulit,
240 226 342 259 securus
356 210 404 271 jam
419 208 486 271 odii,
505 221 530 258 et
545 211 588 273 qui
600 208 698 261 lacilit'ts
712 203 881 258 dissimulaier
893 191 1026 276 gaudiuth

111 281 187 345 quim
199 293 306 330 metum.
321 282 385 328 Satis
396 283 542 340 constabat,
558 285 625 332 lecto
642 294 794 332 testamento
807 279 947 347 Agricolae]
965 291 1024 346 quo

112 355 262 402 coheredem
279 356 379 419 optimc
394 356 468 402 uxori
482 368 508 404 et
521 358 638 421 piissimae
648 357 704 404 filias
713 357 889 412 Domitianum
899 355 1025 420 scripsit,

99 428 223 490 >laetatum
241 444 313 482 enm,
328 428 399 474 velut
412 424 510 475 horrore
525 427 667 490 judicioque
683 445 689 474 ε
706 439 758 474 tam
772 444 835 475 caeca
853 441 878 477 et
897 440 1021 493 corrupta

88 535 94 546 .
110 516 182 548 mens
196 501 302 552 assiduis
315 499 503 548 adulationihus
518 514 587 559 erat,
602 513 630 549 ut
646 503 753 550 nesciret
768 500 863 550 hbono
872 513 949 568 patre
964 517 1023 549 non

111 574 186 622 scribi
198 573 330 632 heredem,
341 574 388 622 nisi
400 573 495 620 malum
505 574 656 639 principem.

143 646 238 695 XLIV.
255 646 335 695 Natus
346 658 401 694 erat
408 646 527 711 Agricola
537 649 600 695 Cain
613 650 709 696 Caesare
719 642 1023 705 tertiitmconsule,1di-

112 721 159 771 bus
173 722 254 769 Juniis
267 738 273 769 ε
287 721 393 768 excessit
406 732 476 769 sexto
488 733 513 767 et
524 717 733 787 quinquagesimo
746 709 813 770 anno
823 745 832 776 ,’
841 719 940 768 decimo
953 717 1019 788 dial.

111 792 240 856 Septemb.
254 792 357 857 Collegit
368 793 505 856 Priscoque
518 810 584 842 coss.
599 794 675 858 Quod
688 796 708 843 si
722 795 837 843 habitum
849 807 948 856 quoque
961 789 1020 853 ejus

94 901 98 916 r
111 867 207 928 posteri
219 882 321 914 noscere
335 866 427 927 velint,
439 864 569 915 decentior
579 867 654 931 qulam
664 869 800 916 sublimior
808 867 856 915 luit
867 884 873 912 :
885 863 949 913 nihil
962 881 1022 912 me-

113 935 154 985 tris
164 938 190 985 iu
204 940 274 986 vultu
286 954 291 984 :
302 939 380 1003 gratia
390 931 577 1004 orissupererat
587 959 592 988 ι
604 940 701 990 bouum
712 943 795 990 virum
808 939 878 988 lacile
889 937 1018 997 crederes,

114 1026 234 1074 magnum
243 1013 360 1059 libenter.
370 1012 401 1059 Et
410 1013 463 1077 ipse
472 1014 588 1077 quidem,
599 1031 743 1080 quanquam
755 1014 839 1062 medio
850 1015 876 1061 in
886 1013 967 1076 spatio
976 1012 1020 1059 in·

114 1095 187 1148 tegre
200 1086 279 1134 aetatis
291 1097 405 1149 ereptus,
418 1100 542 1150 quantum
555 1089 589 1136 ad
603 1090 727 1154 gloriam,
742 1089 920 1153 longissimum
935 1101 1019 1132 erum

115 1158 223 1222 peregit.
243 1158 342 1224 Quippe
353 1172 380 1206 et
397 1176 454 1218 reru
469 1162 550 1216 bona,
566 1179 620 1227 quae
632 1164 657 1210 in
671 1163 806 1211 virtutibus
818 1162 865 1210 siis
879 1170 950 1206 tunt.
966 1159 1019 1203 im-

115 1231 241 1296 pleverat,
257 1244 282 1279 et
293 1234 465 1282 consularibus
476 1252 504 1283 ac
517 1237 717 1301 triumphalibus
729 1235 883 1285 ornamentis
893 1232 1000 1299 prredito
1011 1264 1020 1288 ,

115 1303 177 1365 quid
189 1303 257 1352 aliud
269 1305 396 1355 adstruere
405 1306 505 1356 lortuua
517 1308 639 1373 poterat?
650 1310 848 1376 Opibusm'tmiis
858 1325 907 1355 non
917 1302 1020 1372 gautle-

115 1374 171 1433 bat,
183 1379 299 1441 speciosae
310 1380 466 1444 contigerant
478 1399 483 1428 :
497 1382 548 1430 fitis
563 1395 639 1448 atque
649 1400 725 1433 uxore
736 1381 922 1447 superstitibus,
933 1387 1019 1444 potest

115 1449 197 1498 videri
209 1453 285 1500 etiarn
294 1455 396 1511 beatus,
409 1456 530 1505 incolumi
542 1456 666 1521 dignitate
674 1496 680 1510 .
689 1460 795 1514 florente
804 1456 881 1516 tamt,
893 1456 968 1503 salvis
979 1449 1019 1500 st-

116 1521 255 1571 linitutihns
267 1538 292 1573 et
305 1526 437 1581 amicitiis,
453 1527 538 1577 sutura
559 1529 683 1593 elliigisse.
700 1531 766 1577 Nam
785 1529 862 1575 sicuti
879 1527 971 1575 durare
990 1524 1018 1571 in

116 1594 164 1644 hac
180 1594 317 1646 beatissimi
329 1600 408 1646 seculi
419 1600 492 1656 luce,
504 1619 532 1649 ac
541 1605 682 1666 principem
691 1601 826 1664 Traianum
837 1600 938 1655 videre,
948 1596 1020 1661 qnod

116 1671 220 1733 augurio
237 1673 352 1734 rotisque
366 1673 435 1738 apud
453 1687 551 1724 nostras
566 1691 638 1722 aures
657 1675 824 1733 ominabatur;
844 1675 876 1720 ita
896 1673 1020 1721 festinans

117 1743 209 1790 mortis
220 1743 312 1807 grande
323 1747 444 1806 solatium
459 1749 530 1810 tulit,
540 1747 648 1793 erasisse
660 1755 814 1809 postremum
825 1743 890 1789 illud
902 1755 1022 1805 tempus,
1041 1741 1044 1746 ⁴

116 1830 167 1877 quo
177 1815 337 1866 Dorrritianus
346 1836 397 1867 noo
410 1820 458 1883 jam
467 1836 510 1884 per
521 1817 653 1865 intervalla
662 1817 849 1883 respiramenta
858 1825 1019 1882 temporum,

116 1889 160 1938 sed
172 1893 292 1939 continuo
304 1905 328 1941 et
342 1894 411 1941 velut
422 1910 472 1941 ono
481 1893 531 1941 ictu
543 1892 727 1957 rempublicam
739 1889 863 1939 exhausit.

148 1966 229 2016 XLV.
247 1966 307 2015 Non
317 1968 384 2016 vidit
391 1968 505 2033 Agricola
516 1967 646 2015 obsessam
659 1967 768 2026 curiam,
780 1977 808 2014 et
817 1965 930 2013 clausum
939 1963 1016 2011 armis

117 2052 246 2103 senatum,
256 2053 281 2090 et
297 2041 385 2090 aridem
396 2054 477 2106 strage
490 2050 529 2088 tot
541 2041 718 2091 consularium
733 2038 825 2102 cades,
840 2050 878 2086 tot
890 2038 1017 2085 nobilissi·
1043 2080 1047 2085 ,

117 2129 216 2163 marom
230 2117 380 2166 leoninarum
398 2116 487 2163 exsilia
506 2115 630 2181 eclogas.
647 2113 705 2165 Uos
719 2112 801 2164 adhuc
817 2110 922 2159 victoriis
940 2112 1018 2158 Carus

118 2185 213 2237 Metius
226 2190 389 2252 censebatur,
401 2200 426 2237 et
436 2188 502 2236 iutra
515 2188 639 2236 Albanam
653 2188 736 2235 villam
748 2186 872 2233 sententia
882 2182 1017 2232 Messallini

44 2279 46 2288 ⁸
119 2262 254 2325 strepebat,
264 2272 290 2308 et
299 2263 380 2310 Massa
394 2262 487 2311 Bebius
495 2261 544 2323 iam
556 2273 609 2307 turn
619 2276 676 2307 reus
686 2271 744 2308 erat.
752 2258 815 2306 Mox
828 2269 916 2305 nostrae
925 2256 1018 2303 (luxere

118 2335 266 2384 Heliidium
280 2337 307 2382 in
320 2352 448 2385 carcerem
464 2353 552 2384 manus
564 2354 570 2379 :
581 2349 626 2381 nos
638 2331 760 2386 Maurici,
774 2328 920 2394 Rusticique
937 2332 1005 2377 risus
1013 2363 1020 2386 ,

118 2424 165 2456 nos
176 2409 302 2456 innocenti
319 2412 441 2474 sangnine
458 2410 560 2457 Senecio
576 2401 698 2466 perfudit.
713 2402 784 2448 Nero
796 2412 881 2449 tamen
893 2401 1022 2448 subtraxit

118 2484 213 2543 oculos,
224 2483 345 2547 iussitque
356 2484 455 2533 scelera,
468 2474 516 2524 nou
528 2477 650 2538 spectarit
660 2491 668 2523 r
680 2490 805 2540 praecipua
815 2475 864 2523 suh
872 2474 1020 2522 Domitiano

118 2557 277 2605 miseriarum
292 2551 350 2622 pm
366 2563 431 2605 eras,
448 2547 534 2594 ridere
547 2557 573 2592 et
590 2545 688 2611 adspici
700 2563 707 2593 ε
720 2563 800 2610 quum
813 2548 920 2613 suspiria
933 2559 1018 2594 nostra

120 2630 349 2690 subscriberemus3
361 2638 436 2688 quom
451 2619 604 2668 denotandis
617 2631 656 2668 tot
668 2619 801 2668 hominum
814 2619 1018 2684 palloribusanl·

118 2702 204 2751 ficeret
221 2721 298 2753 sevus
314 2705 354 2751 ille
367 2697 452 2745 vultus
464 2703 490 2742 e't
504 2695 598 2752 rubor,
610 2710 661 2757 quo
678 2709 705 2742 se
718 2705 806 2745 contra
820 2694 945 2759 pudorem
962 2710 1018 2742 mu-

118 2777 214 2826 niebat.
229 2778 269 2825 Tu
283 2773 340 2826 verri
352 2770 427 2828 ielis,
441 2768 574 2834 Agricola,
589 2786 641 2817 non
657 2770 714 2816 ritae
727 2769 826 2817 tantirm
837 2769 963 2824 claritate,
977 2767 1018 2815 sed

118 2861 195 2897 etiarn
209 2849 399 2918 opportunitate
416 2843 526 2894 mortis:
542 2855 571 2891 ut
583 2843 717 2910 perhibent
728 2844 771 2907 qul
788 2842 955 2892 interfuerunt
970 2858 1020 2889 no-

118 2923 228 2971 vissimis
247 2924 405 2973 sermonibus
423 2920 489 2973 tuis.
503 2931 641 2967 scon-tans
655 2931 680 2967 et
692 2919 772 2966 libens
790 2917 868 2965 sutum
885 2915 1020 2977 excepisti,

119 3005 239 3059 tauquam
251 3015 297 3061 pro
310 2993 376 3041 rii-ili
390 2988 508 3053 portione
521 2991 691 3052 innocentiam
703 2991 811 3056 principi
822 2988 957 3036 donaret».
969 2985 1020 3033 Sed

119 3069 183 3116 mihi
197 3071 315 3129 filiaeque,
327 3073 417 3125 praeter
429 3064 593 3111 acerbitatem
606 3076 718 3128 parentis
732 3065 827 3126 erepti.
839 3071 914 3123 auget
926 3060 1022 3108 moesti·

120 3142 192 3195 tiam,
202 3139 271 3205 quiid
283 3134 398 3182 adsidere
411 3136 558 3196 raletudiui,
568 3134 652 3185 lovere
666 3136 831 3196 deiicientem,
844 3127 1022 3189 satiari'rultu,

120 3216 269 3279 coiirplexu,
282 3224 333 3255 non
345 3210 468 3274 contigit:
483 3214 668 3275 excepissemus
676 3203 744 3257 certe
755 3208 874 3260 mandata
881 3222 1020 3270 vocesque,

119 3280 290 3357 quaspeniuls
301 3281 537 3353 snimofigeremus.
546 3284 639 3338 Noster
648 3284 689 3336 hic
699 3282 783 3357 dolor2
790 3293 905 3364 nostrum
915 3281 1016 3332 tulum:
1080 3343 1083 3346 ι
