2234 3817
115 86 164 141 ete
434 102 457 138 c.
475 102 569 142 coar.
587 97 702 140 rtcrrr

114 186 213 254 potita,
223 186 301 238 nullia
312 189 418 239 tectibus
430 190 543 239 innixum
555 191 629 240 facile
639 190 788 242 confutavit.
801 193 848 243 aea
856 197 911 262 ipsa
923 196 951 247 in
963 205 1025 249 eae-

116 257 187 307 todii
202 273 299 311 retenta
314 274 365 322 eet,
379 275 538 327 suspectante
559 265 676 325 Nerone,
694 262 764 315 baud
779 265 839 317 falae
856 279 927 333 etse,
945 272 1025 320 etiam

117 348 172 402 quae
182 329 242 383 tera
253 352 303 384 nou
314 335 497 400 probabantur.
781 393 784 398 ,

151 405 209 474 Lll.
225 409 366 473 Coniuratis
385 421 469 460 tamen
485 422 558 461 metu
574 411 727 479 proditionis
742 415 884 479 permotis,
900 414 1025 481 placitum

60 537 66 543 ι
118 481 1026 554 maturarecaedemapudbaiae,invilldPitonia:cujuenmoenitateoap

119 564 162 604 tua
174 555 255 605 Caesar
263 554 350 604 crebrb
361 558 517 617 ventilabat,
530 560 682 624 balneasque
693 573 718 610 et
727 563 813 626 epulas
822 563 917 619 inibat,
927 562 1028 611 onrieeie

118 628 231 676 excubiis
241 663 249 687 ,
260 640 285 676 et
296 627 403 676 fortune
417 646 467 677 auae
477 632 555 681 mole.
568 632 617 681 Sed
627 634 716 683 abnuit
727 633 800 691 Piso,
816 636 946 687 invidiam
958 650 1028 700 proe-

117 697 228 750 tendent
235 736 243 763 ,
257 717 272 748 (ι
283 702 304 749 ai
317 718 387 751 racra
396 719 501 762 mensae,
514 703 601 767 diique
612 703 750 770 hospitales
762 708 827 755 caede
837 708 1029 772 qualiscumque

118 774 242 839 principia
251 784 444 823 cruentarentur
454 793 459 822 :
469 775 560 824 melitis
568 777 635 842 apud
641 779 746 835 urbem,
757 779 782 827 in
793 780 835 828 itta
845 780 925 829 inrisa
935 793 961 829 et
968 797 1031 846 apo·

114 845 160 904 liis
171 846 267 893 civium
278 848 405 896 exstructi
416 846 505 909 domo,
518 851 559 897 vel
570 849 597 898 in
612 851 719 915 publico·
727 862 887 916 patraturos,
901 852 971 918 quod
981 867 1029 918 pro

118 918 249 984 republical
259 919 461 985 eruoepisaentu.
476 921 534 970 Haec
545 920 718 971 incommune
731 940 737 970 ε
751 923 865 974 ceteriun
877 927 969 975 timore
981 942 1031 976 oc·

117 991 205 1048 eulto,
217 1007 249 1039 ne
262 992 292 1041 L.
305 993 417 1055 Silanus,
426 994 518 1044 eximii
530 994 679 1051 nobilitate,
690 995 874 1062 disciplinaque
887 1000 919 1047 C.
932 998 1014 1047 Gauii
1025 1035 1033 1059 ,

119 1063 191 1132 apud
200 1081 276 1129 quem
286 1065 409 1116 educatur
419 1080 486 1127 erat,
497 1068 530 1115 ad
540 1083 642 1115 omnem
654 1066 832 1122 claritudinem
844 1069 959 1119 sublatus
968 1108 974 1130 ,
984 1074 1035 1120 im.

121 1141 222 1206 perium
233 1137 381 1198 invaderet,
395 1139 513 1206 prompte
529 1138 626 1189 daturis
639 1156 756 1205 operam,
771 1144 815 1205 qui
828 1141 842 1191 i
854 1141 1032 1206 coniuratione

120 1213 217 1276 integri
227 1224 319 1270 essent,
328 1214 421 1277 quique
429 1216 608 1263 miserarentur
620 1215 757 1278 Neronem,
769 1228 887 1279 tanquam
897 1232 942 1282 per
952 1218 1035 1267 ocelut

122 1284 298 1336 interfectum.
307 1288 423 1351 Plerique
433 1289 551 1337 «Vestini
562 1306 662 1353 quoque
669 1290 781 1339 nonnulii
788 1305 843 1339 acre
854 1290 984 1355 ingenium
995 1291 1034 1337 ti·

122 1359 217 1405 tavisse
227 1358 345 1407 Pisonem
359 1361 545 1420 crediderunt,
563 1379 594 1409 ne
606 1361 619 1410 a
632 1363 747 1412 libertate
761 1374 920 1426 moveretur,
932 1363 972 1411 vel
984 1362 1034 1410 de-

125 1429 193 1477 lecto
203 1430 355 1494 imperatore
365 1423 474 1493 alio'srui
481 1436 594 1482 muneris
604 1434 786 1497 rempublicam
798 1434 890 1484 laceret
898 1452 923 1485 i.
932 1438 1034 1486 Etenim

121 1518 215 1567 expers
226 1505 405 1563 conjurationis
416 1519 482 1567 erat3
498 1505 612 1569 quamvis
624 1520 700 1570 super
711 1521 741 1553 eo
752 1506 859 1555 crimine
872 1508 945 1559 Nero
957 1516 1033 1561 vetur

122 1572 244 1625 adversus
254 1576 380 1622 insontem
391 1576 479 1623 odium
487 1592 516 1623 ex
536 1575 635 1623 laverit.

157 1645 225 1695 tht.
237 1644 351 1694 Tandem
366 1646 523 1704 atatuerc‚(l
560 1645 662 1694 ensium
676 1647 796 1697 ludorum
809 1650 865 1715 die,
881 1652 926 1715 qui
943 1653 1035 1703 Cereri

122 1718 277 1777 celebratur,
287 1719 390 1781 exsequi
399 1718 523 1778 destinata
534 1734 540 1765 ε
552 1717 609 1781 quia
622 1719 712 1780 Cesar,
724 1737 796 1770 rarus
807 1738 922 1788 emesan,
938 1724 1036 1773 domo-

126 1806 176 1860 que
186 1800 230 1838 aut
238 1789 318 1839 hortis
327 1792 440 1850 clauaua,
452 1789 485 1840 ad
493 1789 589 1840 ludicra
599 1791 669 1842 Circi
680 1794 833 1853 ventitabat,
848 1798 1037 1862 promptiores·

126 1878 177 1928 que
185 1862 432 1916 aditueerantlaetitii
439 1865 584 1933 spectaculi.
594 1865 716 1918 Ordinem
721 1866 819 1917 insidiis
825 1881 1024 1935 comporuerant
1028 1906 1036 1929 ,

131 1955 148 1985 a
157 1951 186 1987 ut
196 1939 334 1991 Lateranus
344 1941 565 2007 quati-subeidium
577 1942 615 1990 rei
625 1942 740 1994 familiari
751 1957 847 2008 oraret,
863 1944 1039 2010 deprecabun-

112 2019 116 2022 “
132 2010 196 2071 dua,
211 2026 237 2063 et
247 2017 351 2080 genibua
362 2016 485 2083 principis
496 2016 627 2079 accident,
639 2029 808 2083 prosterneret
818 2021 960 2081 incautum,
975 2034 1038 2084 pre·

130 2093 277 2153 tuerettque,
285 2092 363 2139 animi
373 2090 485 2147 validus,
495 2094 522 2139 et
529 2105 635 2156 corpore
643 2092 741 2156 ingena.
748 2090 816 2138 Tum
825 2090 947 2152 jacentem
955 2102 982 2137 et
992 2090 1038 2136 im·

130 2161 261 2228 peditum,
272 2164 366 2212 tribuni
375 2172 401 2211 et
410 2164 570 2211 centurionea
576 2198 585 2224 ,
596 2173 623 2210 et
632 2174 773 2211 ceterorum
783 2164 926 2226 utquisque
938 2160 1038 2210 auden·

130 2235 173 2283 tia
185 2234 329 2293 habuisset,
343 2245 518 2292 accurrerent,
533 2235 739 2301 trucidarentque
750 2253 757 2283 :
767 2237 863 2300 primae
874 2236 923 2284 eibi
934 2248 1040 2301 parteau

131 2301 309 2368 expostulante
320 2306 443 2362 Scotino,
454 2306 496 2367 qui
509 2306 661 2370 pugionem,
673 2307 769 2371 templo
779 2307 873 2355 Salutis
887 2309 913 2353 ln
923 2308 1041 2370 Etrurii,

130 2376 198 2438 eive,
209 2388 237 2425 ut
248 2378 290 2424 alii
302 2377 441 2434 tradidere,
453 2378 569 2426 Fortunae
581 2378 720 2427 Ferentino
733 2379 759 2426 in
769 2376 865 2443 oppido
877 2377 1042 2441 detraxerat,

81 2485 84 2488 .
129 2450 292 2515 gestabatque
299 2452 367 2499 velut
374 2467 466 2516 magno
472 2451 656 2517 operitacrum.
673 2450 797 2506 «Interim
812 2450 871 2499 Piso
879 2450 947 2516 apud
961 2452 1042 2502 aedem

130 2523 231 2572 Cereris
241 2524 408 2589 opperiretur,
416 2521 484 2571 unde
493 2538 552 2571 eum
562 2524 694 2589 praelectus
702 2523 796 2573 Fenlrra
805 2535 830 2570 et
839 2524 919 2571 ceteri
929 2523 1041 2573 accitum

130 2594 227 2648 [errent
235 2599 262 2647 in
271 2610 364 2660 caetra,
373 2598 511 2648 eomitante
520 2596 646 2660 Antonii,
655 2596 749 2647 claudii
760 2597 864 2648 Pausania
872 2597 937 2653 fitia,
952 2597 1042 2647 adell-

133 2670 253 2720 ciendum
264 2672 331 2737 vulgi
342 2669 477 2723 saturetur
490 2687 497 2719 t
508 2670 615 2734 quedl).
628 2671 727 2721 Plinius
739 2681 875 2719 memorat.
885 2672 965 2720 Nobis
976 2687 1041 2735 qun·

133 2760 184 2807 quo
194 2744 272 2793 modo
282 2744 404 2795 traditum
412 2762 462 2795 non
473 2745 599 2793 occultare
610 2744 638 2792 in
648 2745 733 2793 animo
744 2740 807 2801 tuit,
823 2743 939 2805 quamtis
949 2744 1042 2791 abeur-

72 2845 81 2862 s
133 2812 197 2862 duur
209 2814 351 2876 videretur,
363 2828 408 2864 aut
417 2819 517 2865 inanem
527 2816 559 2864 ad
571 2832 641 2880 rpem
651 2815 789 2865 Antoniani
798 2829 892 2862 nomen
903 2824 928 2866 et
940 2815 1041 2877 pericu·

134 2884 191 2933 lum
200 2887 413 2952 commodavisse,
426 2900 470 2938 eut
478 2889 613 2948 Pisonem,
626 2901 718 2940 notum
728 2902 814 2937 amore
826 2886 924 2941 uxorio,
934 2886 1043 2932 alii‘ma-

136 2954 258 3002 arimonio
268 2971 294 3003 ae
307 2957 469 3006 obstrinrieae
481 2975 486 3006 :
498 2962 547 3010 nisi
558 2966 580 3009 st
590 2960 683 3026 cupido
695 2956 842 3009 dominandi
850 2956 947 3004 cunctis
959 2954 1041 3003 afl'ec-

137 3024 206 3075 tibua
216 3028 360 3091 flagrantior
372 3039 419 3079 eat.

172 3094 238 3149 LIV·
250 3098 299 3148 Sed
309 3100 400 3148 mirum
410 3135 417 3158 ,
428 3117 504 3165 quam
516 3101 582 3150 inter
594 3101 687 3152 diverti
698 3099 812 3166 generis,
823 3096 933 3159 ordinis,
948 3100 1029 3150 atatis
1042 3145 1051 3170 ,

138 3171 228 3235 cerda,
241 3171 307 3220 diter
316 3209 321 3228 ,
331 3188 468 3238 pauperet,
483 3174 654 3222 taciturnitate
667 3175 753 3223 omnia
764 3171 875 3219 cohibita
887 3172 953 3238 aint5
965 3172 1045 3223 douec

141 3245 253 3313 proditio
262 3248 337 3311 coepit
346 3245 359 3292 ὲ
370 3245 446 3295 domo
455 3248 554 3295 Scevini
565 3264 571 3293 z
583 3248 627 3309 qui
638 3245 720 3312 pridie
730 3243 893 3304 insidiarum,
903 3246 985 3294 multo
993 3262 1048 3295 aer-

139 3332 215 3369 mone
224 3333 283 3369 cum
296 3316 409 3374 Antonio
418 3319 520 3380 Natale,
531 3317 590 3369 dein
598 3333 726 3385 regressus
738 3317 1046 3380 eunomianorum
