2234 3817
123 74 173 142 594
288 65 315 109 ἰ
440 85 463 123 s.
482 82 578 140 oona.
597 80 711 122 raorrr

123 161 313 234 periculorum,
323 173 349 214 et
357 163 491 215 dedecoris
503 183 615 218 securos.
625 167 661 227 Ep
672 178 755 224 metu,
767 166 911 233 etpaueis,
925 180 992 233 quos
1000 166 1038 219 ad·

123 256 197 297 rossa
212 257 262 289 non
275 249 449 298 mutaverant,
466 243 661 301 comitantibus,
677 239 795 291 cobortes
808 240 964 290 Ariminum
983 261 1039 308 pra-

123 315 209 365 mittit
222 330 228 360 ε
242 314 308 363 alam
321 316 391 367 tueri
406 323 483 382 terga
498 315 584 374 iubet:
598 315 652 378 ipse
667 314 739 361 flexit
752 314 778 362 in
794 313 951 375 Umbriam,
968 329 1039 380 atque

123 387 186 437 inde
205 386 348 448 Etranam5
369 387 412 434 uhi
429 388 530 453 cognito
546 405 635 453 pugnae
656 388 837 437 Cremonensis
859 400 977 455 creatu,
994 408 1042 439 uon

124 462 254 524 ignavum,
266 471 300 516 et,
317 460 338 507 si
347 461 513 523 provenisset,
526 451 744 511 atroabonsilinm
753 461 819 518 iniit,
832 473 865 510 nt
875 463 987 527 arreptis
996 480 1040 511 na·

124 533 213 591 ribus,
223 534 443 596 irs-quamcumque
455 545 552 598 partem
565 533 737 583 Narbonensis
749 536 893 600 provincias
907 552 1031 601 egressus,
1088 528 1089 539 ¹

124 605 585 666 Gallias,etexercitus‚etGermauiae
592 620 841 673 gentesmorumque
848 609 951 657 bellum
959 611 1042 660 cieret.

158 678 238 728 XLII.
251 677 370 743 Digresso
387 677 512 739 Valente,
531 682 662 747 trepidos,
676 677 724 749 'qm
734 681 889 731 Ariminum
907 682 1025 735 tenebant
1033 716 1042 740 ,

125 753 259 803 Cornelius
269 752 381 812 Fuscus,
391 752 496 803 admoto
508 757 636 814 exercitu,
647 770 672 805 et
683 757 768 821 missis
776 773 822 821 per
834 756 956 822 proxima
967 755 1041 802 litto·

123 842 184 878 rum
202 825 359 883 Liburnicis,
377 828 443 876 terrai
455 829 570 892 marique
588 832 762 879 circumvenit.
780 830 951 895 Occupantur
966 828 1041 893 plana

126 899 256 959 Umbriae,
273 913 299 949 et
316 902 365 964 qud
380 902 487 965 Picenus
502 922 560 968 ager
574 905 652 954 Adrisi
666 905 778 953 adluitur
793 923 799 951 ε
814 908 957 968 omnisque
975 901 1044 950 Italia

126 976 196 1024 Inter
207 975 391 1038 Vespasianum
400 992 429 1022 ac
441 976 575 1026 Vitellium
585 976 714 1039 Apennini
725 978 789 1042 jugis
803 976 984 1025 dividebatur.
998 973 1045 1022 Fa-

128 1050 189 1098 bius
199 1048 293 1104 Valens
300 1086 308 1108 ,
316 1048 330 1096 ὸ
338 1050 394 1098 sinu
404 1050 510 1113 Pisano,
522 1052 627 1116 segnitid
636 1054 725 1109 maris,
736 1064 780 1100 aut
789 1051 949 1100 adversante
958 1060 1044 1110 vento,

130 1122 239 1173 Portum
256 1123 373 1171 Herculis
384 1123 495 1171 Monoeci
511 1124 648 1189 depellitur
664 1143 670 1172 :
687 1125 755 1173 haud
772 1125 866 1189 procul
883 1123 947 1172 inde
960 1121 1045 1184 agebat

130 1196 231 1253 illarius
240 1194 365 1253 Maturus,
373 1196 479 1260 Alpium
485 1198 670 1249 maritimarum
681 1210 838 1263 procurator,
850 1197 923 1245 fidus
931 1193 1044 1252 vitellio,

133 1269 206 1331 eujus
218 1281 418 1328 sacramentum,
432 1272 531 1319 cunctis
546 1272 613 1319 circi
624 1270 774 1330 hostilibus,
785 1270 907 1322 nondum
921 1268 1046 1315 assuerat.

129 1347 156 1394 Is
170 1344 302 1392 Valentem
318 1344 425 1392 comiter
435 1357 582 1411 exceptum,
597 1362 612 1393 u
624 1362 657 1393 ne
669 1346 779 1394 Galliam
793 1343 997 1394 Narbonensem
1009 1342 1045 1385 tc·

129 1416 199 1465 mere
218 1416 392 1480 ingrederetur
402 1433 434 1475 u,
452 1419 582 1468 monendo
599 1419 710 1466 terruit:
726 1418 800 1465 simul
818 1416 974 1464 ceterorum'
987 1407 1046 1456 fida

128 1501 200 1538 metu
214 1488 321 1538 infracta
335 1508 340 1538 :
355 1508 465 1554 namque
478 1495 650 1554 circumiectas
667 1493 781 1541 civitates
800 1499 959 1556 procurator
971 1482 1046 1531 Vale·

129 1563 186 1611 rius
201 1561 347 1620 Paullinus,
365 1575 481 1613 strenuus
498 1566 610 1627 militia,
624 1575 648 1612 et
664 1564 818 1630 Vespasiano
834 1573 897 1611 ante
917 1559 1044 1609 fortunam

104 1620 109 1643 ⁵
131 1637 243 1698 amicus,
258 1637 285 1684 in
297 1639 373 1686 verba
385 1638 436 1701 ejus
448 1639 573 1700 adegerat.
649 1666 651 1669 v

166 1709 262 1758 XLIII.
274 1710 434 1772 Concitisque
445 1706 573 1765 omnibus,
583 1707 625 1772 qui
636 1707 812 1755 exauctorati&
823 1708 936 1756 Vitellio
945 1707 1047 1753 bellum

131 1795 221 1850 sponte
231 1786 377 1846 sumebant,
388 1782 590 1847 Foroiuliensem
598 1782 736 1836 coloniam,
752 1781 860 1829 claustra
869 1776 968 1841 maris,
979 1793 1049 1842 prae-

131 1860 197 1908 sidio
214 1859 348 1923 tuebatnr3
362 1859 392 1907 ed
410 1860 510 1923 gravior
523 1871 626 1917 auctor,
637 1855 707 1920 qudd
715 1855 832 1904 Paullmo
845 1855 932 1918 patria
945 1854 1046 1919 Forum

128 1932 207 1996 Iulii,
222 1944 247 1980 et
264 1931 346 1980 honos
362 1931 430 1997 apud
446 1932 626 1997 pretoriauos,
644 1945 750 1992 quorum
771 1926 904 1992 quondam
925 1925 1042 1973 tribunus

130 2007 223 2060 fuerat.
234 2008 336 2074 Ipsique
346 2010 449 2073 paganI,
460 2008 546 2058 lavore
554 2007 716 2072 municipali,
726 2018 753 2053 et
760 2005 847 2054 laturae
855 2002 982 2070 potentiae
991 2015 1041 2065 spe,

133 2080 221 2149 juvare
229 2094 313 2147 partes
320 2080 507 2130 adnitebantur.
514 2083 576 2145 Quae
582 2081 626 2128 ubi
632 2089 720 2145 paratu
729 2078 808 2141 firma,
816 2089 841 2132 et
849 2086 926 2123 aucta
934 2085 1040 2127 rumore,

133 2152 202 2218 apud
219 2156 301 2200 varios
318 2152 515 2201 Vitellianorum
532 2155 631 2200 animos
652 2150 820 2211 increbuere3
837 2149 933 2196 Fabius
951 2144 1040 2192 Valens

135 2244 195 2276 curn
210 2237 319 2289 quatuor
334 2228 557 2288 speculatoribus,
572 2238 599 2273 et
616 2226 698 2273 tribus
715 2225 818 2280 amicis,
831 2221 944 2271 totidem
956 2227 1041 2265 centu·

132 2300 263 2353 nlouibus,
278 2295 310 2341 ad
320 2298 397 2341 naves
406 2299 547 2360 regreditur
558 2317 565 2345 :
580 2298 698 2354 Maturo,
712 2300 851 2360 ceterisque
861 2308 1004 2344 remanere,
1015 2296 1037 2334 el

134 2375 161 2422 in
174 2369 248 2416 verba
257 2367 407 2429 Vespasiani
416 2368 483 2431 adigi
491 2368 636 2416 volentibus
647 2368 833 2417 fuit.Ceterr'1m
843 2380 872 2416 ut
883 2384 954 2417 mare
963 2364 1035 2414 tutius

133 2440 249 2495 Valenti,
265 2434 339 2501 quiam
352 2437 452 2496 littora,
464 2450 508 2485 aut
519 2439 610 2501 urbes3
625 2439 660 2487 ita
672 2439 750 2485 futuri
760 2441 898 2504 ambiguus
910 2478 916 2495 ‚
931 2451 956 2488 et
968 2432 1038 2495 magd

130 2513 193 2581 quid
204 2513 308 2571 ritaret,
318 2509 392 2575 qudam
405 2513 447 2559 cui
461 2509 552 2560 fideret
564 2547 569 2566 ,
584 2523 681 2570 certus,
693 2510 799 2559 adversis
813 2524 968 2579 tempestate
978 2510 1035 2556 δια·

132 2583 226 2633 chades
238 2585 430 2635 Massiliensium
441 2584 539 2635 insulas
551 2582 665 2634 adfertur
677 2585 730 2633 :ibi
741 2603 802 2635 enm
813 2589 899 2637 missae
908 2588 922 2637 'a
930 2580 1036 2637 Paullum

130 2660 273 2719 Liburnicas
285 2660 451 2727 oppressdte„

171 2738 269 2786 XLIV.
280 2739 360 2804 Capto
367 2738 474 2786 Valente
483 2771 490 2793 ,
499 2734 630 2783 cunetaiad
641 2736 745 2785 victoris
755 2753 816 2803 opes
825 2724 944 2785 conv'ersa
953 2769 960 2790 ,
968 2726 1034 2778 inill⁰

134 2830 182 2881 per
198 2815 350 2878 Hispaniam
366 2811 476 2878 ‚inprimi
494 2809 625 2871 Atliutr'tce
642 2812 741 2877 legione
759 2824 833 2869 orto,
850 2828 902 2875 quae
917 2797 1035 2855 memorii

137 2886 249 2934 Othonis
259 2924 265 2943 ,
274 2888 372 2939 insensa
379 2888 498 2943 Vitellio,
509 2885 634 2939 decimam
644 2904 743 2951 qnoque
755 2904 783 2934 ae
792 2899 887 2935 sermm
893 2881 972 2930 traxit.
982 2875 1034 2923 Nec

132 2956 225 3008 Gallis
237 2961 432 3010 cunctabantur.
443 2963 476 3009 Et
483 2961 637 3009 Britanniam
648 2998 654 3020 ,
666 2963 775 3027 inclytus
787 2978 842 3024 erga
855 2952 1030 3019 Vespasianum

69 3046 73 3055 ’
133 3030 221 3085 favor,
233 3031 302 3092 quod
314 3033 367 3079 illic
380 3033 494 3080 secunde
508 3033 600 3096 legiupi
611 3033 625 3080 d
636 3034 747 3081 Claudio
762 3032 917 3099 praepositus,
928 3037 954 3074 et
965 3020 1029 3070 bell⁰

135 3104 325 3167 clarusegernt,
336 3121 388 3153 nou
400 3107 451 3154 sine
463 3119 536 3173 motu
550 3106 667 3168 adiunxit
678 3120 832 3162 ceterarum,
844 3105 870 3151 in
881 3102 970 3167 quibus
978 3096 1028 3160 ple·

134 3177 209 3237 rique
223 3177 383 3226 centuriones
398 3194 426 3225 ac
439 3180 533 3226 milites
547 3177 562 3226 fa
575 3180 679 3228 Vitellio
696 3179 826 3244 provecti,
843 3187 968 3243 expertum
983 3170 1027 3231 iffi

133 3249 277 3313 principem
287 3251 504 3299 ansilmutabant.
531 3304 534 3310 7
555 3300 559 3304 ,

93 3329 94 3333 ’
140 3360 142 3363 -
164 3319 246 3384 XLV.
256 3321 291 3373 Ea
300 3322 425 3411 discordid
431 3335 476 3397 ,et
485 3324 580 3379 crebris
589 3328 651 3381 belli
661 3326 744 3383 civilis
754 3306 1021 3386 rumoribusfflritmi
