2234 3817
306 194 311 203 ·
364 178 598 241 narrentanas
618 185 683 221 trs.
706 187 748 227 av.
956 178 1005 248 419

92 264 182 333 magis
189 261 500 328 exerciths‚quiamrobur.
510 265 611 329 Quippe
617 266 717 319 viribus
724 266 868 316 cohortium
878 268 1007 331 abductis,

93 341 229 399 Vitellius,
239 339 252 388 ὲ
265 339 389 406 proximis
398 338 551 421 Nepriurum
562 341 797 406 Germanorumque
807 341 891 406 pagis,
903 360 1005 409 segnem

92 429 233 465 narmeruru
241 429 320 462 armis
332 426 491 461 oneraverat.

128 490 203 538 xvt.
222 489 324 548 Civilis,
342 488 401 539 dolo
411 488 575 552 grassandum
587 500 670 546 ratus,
684 490 808 559 incusavit
819 491 885 539 ultro
897 491 1004 557 praelec-
1069 480 1073 485 ’

93 573 156 620 tos,
172 580 186 610 rr
195 560 263 625 qndd
279 561 380 611 castella
397 560 575 611 deseruissent.
587 563 618 611 Se
630 579 689 611 cunr
699 563 817 624 cohorte,
832 565 872 612 cui
882 578 1003 629 praeerat,

95 637 269 685 Caninefatem
281 636 418 685 tuinultum
430 653 633 702 compressurum
645 656 650 684 r
665 639 703 686 illi
720 654 763 686 sua
775 641 880 703 quisque
898 638 1003 687 hiberna

93 721 277 775 repeterentur.
289 710 395 759 Subesse
404 709 517 759 fraudem
527 704 646 770 consilio,
658 725 684 760 et
695 712 820 776 dispersas
830 711 948 759 cohortes
962 712 1003 759 la-

89 779 169 830 cilisis
187 783 309 848 opprimi,
326 798 373 830 nec
387 783 542 831 Brinnonem
563 783 653 831 ducem
672 783 726 843 eius
741 784 815 839 belli,
831 784 875 831 sed
893 784 1003 832 Civilem

93 869 162 913 esse,
180 856 263 919 patuit
280 873 286 902 :
305 856 495 919 erumpentibus
512 857 634 920 paulatim
652 856 767 913 indiciis,
787 873 842 919 qne
865 858 1003 914 Germani,

95 927 151 975 laeta
164 928 234 999 hellp
251 943 325 993 gens,
337 944 390 977 non
401 928 444 976 diu
456 930 655 979 occultaverant.
667 930 716 977 Ubi
732 929 826 977 insidia
841 945 930 995 parum
944 946 1003 978 ees-

95 1000 165 1060 sere,
184 999 285 1049 adsim
302 1011 483 1066 transgressus,
499 1002 657 1051 Caninel'ates
669 1039 675 1059 ‚
685 1004 789 1060 Frisios,
805 1003 925 1062 Batavos,
938 1020 1003 1069 pro·
1054 1000 1056 1007 ’

93 1075 158 1138 ptiis
169 1076 256 1123 cuneis
270 1076 417 1141 componit:
430 1076 525 1124 directa
538 1093 569 1124 err
583 1076 684 1126 diverso
701 1080 780 1136 acies,
794 1076 864 1125 haud
880 1079 969 1144 procul
987 1078 1003 1126 ir

92 1148 201 1198 flumine
210 1148 309 1207 Rheno,
317 1161 343 1198 et
352 1151 466 1199 obversis
475 1153 500 1198 in
510 1151 609 1199 hostem
617 1154 724 1202 navibus
732 1190 738 1208 ,
747 1168 816 1218 quas,
828 1153 937 1201 incensis
947 1168 1002 1202 cas-

96 1221 175 1280 tellis,
188 1224 248 1271 illuc
259 1224 423 1289 appulerant:
434 1239 480 1272 nec
488 1225 532 1273 diu
541 1236 650 1285 certato,
662 1227 824 1292 Tungrorum
832 1225 923 1273 cohors
932 1226 1002 1289 signa

96 1295 131 1342 ad
140 1298 247 1347 Civilem
257 1301 386 1348 transtulit
397 1319 403 1347 t
415 1302 575 1367 perculsique
586 1304 681 1351 milites
692 1301 830 1367 improvisi
841 1300 1000 1366 proditione,

96 1367 112 1416 d
128 1373 199 1420 sociis
214 1371 379 1436 hostibusque
393 1373 563 1422 cedebantur.
578 1376 758 1425 Eademetiam
769 1375 877 1423 navibus
887 1373 1000 1438 perfidie.
1026 1391 1032 1403 ’

97 1442 158 1492 Pars
169 1448 295 1511 remigum
309 1446 322 1493 ὲ
339 1445 458 1507 Batavis,
473 1459 593 1510 tanquam
611 1448 753 1514 imperitiis,
770 1448 850 1495 officia
865 1458 1001 1497 nautarum

94 1531 360 1584 propugnatorumque
370 1518 544 1583 impediebant
555 1539 561 1569 :
574 1537 636 1570 mox
644 1520 732 1570 contris
741 1520 855 1579 tendere,
867 1533 892 1570 et
902 1538 1001 1589 puppes

93 1590 179 1640 hostili
186 1595 246 1657 ripae
256 1592 364 1655 obiicere
374 1592 419 1638 :ad
426 1603 585 1657 postremum
591 1595 774 1655 gubernatores
780 1595 999 1659 centuriouesque,

89 1666 138 1715 nisi
150 1666 240 1715 eadem
250 1667 371 1726 volentis,
383 1666 525 1724 trucidant,
538 1667 620 1715 donee
628 1668 744 1717 universa
756 1680 864 1734 quatuor
874 1680 900 1717 et
910 1669 1001 1734 viginti

86 1734 193 1793 narium
206 1741 295 1790 classis
305 1739 480 1810 transfugeret,
495 1753 539 1790 aut
548 1754 711 1808 caperetur„
731 1806 732 1811 ¹

120 1817 209 1868 xvlt.
227 1819 299 1867 Cisra
311 1832 339 1864 ea
353 1804 459 1864 iictoria
469 1821 495 1867 in
508 1833 634 1881 praesens,
646 1819 672 1865 in
685 1829 815 1881 posterum
829 1821 901 1867 usui:
915 1836 1000 1870 arma·

90 1906 140 1952 que
153 1903 178 1938 et
196 1907 285 1953 naues,
300 1889 390 1952 quibus
409 1885 568 1949 indigebant,
580 1886 678 1949 adepti,
690 1891 778 1949 magni
792 1906 836 1953 per
848 1892 999 1941 Germania.

92 1960 237 2028 Gillissque
249 1963 327 2021 santi,
346 1959 484 2012 libertatis
500 1969 628 2011 auctores
638 1957 839 2011 celebrabantur.
858 1965 998 2015 Germanias

93 2036 180 2095 statim
193 2038 280 2087 mistae
293 2038 402 2101 legatos,
417 2032 512 2081 auxilia
527 2031 672 2080 offerentes.
691 2030 832 2079 Galliarum
851 2038 997 2087 societatem

90 2113 181 2162 Civilis
190 2128 241 2181 arte
253 2115 375 2179 donisque
386 2111 519 2176 affectabat
526 2147 533 2170 ‚
545 2123 633 2176 captos
643 2108 784 2156 cohortium
796 2110 927 2174 prefectos
939 2132 997 2165 suas

92 2190 121 2237 in
135 2192 248 2240 civitates
256 2188 409 2241 remittendo
421 2207 426 2237 :
442 2188 606 2247 cohortibus,
618 2186 703 2243 abire,
713 2203 744 2233 an
759 2201 861 2246 nranere
874 2189 996 2252 mallent,

91 2263 151 2311 (lali
167 2277 306 2330 potestate:
318 2264 493 2323 manentibus,
512 2262 635 2311 honorata
651 2261 760 2326 militia;
775 2259 999 2325 digredientibus,

89 2338 170 2404 spolia
185 2338 352 2389 Romanorum
361 2336 651 2396 offerebanturlsimul,
665 2337 768 2384 secretis
780 2336 938 2403 sermonibus
948 2336 996 2384 atl.

87 2413 208 2463 monebat
220 2431 235 2462 u
244 2415 374 2472 malorum,-
384 2429 437 2475 quae
448 2423 486 2460 tot
496 2411 568 2459 anule
576 2409 703 2476 perpessi,
715 2409 835 2459 miseram
845 2411 996 2459 'se'rrituteus

86 2485 152 2535 salah
165 2503 254 2552 pacem
270 2498 399 2539 vocarent.
412 2486 533 2543 batavos,
545 2500 690 2550 quanquam
700 2483 853 2532 tributorum
862 2491 995 2548 expertes,

87 2576 158 2609 arms
174 2575 264 2610 contre
273 2577 418 2610 communes
428 2559 546 2608 dominos
560 2561 655 2625 cepisse
667 2578 672 2608 :
685 2558 766 2625 primis
776 2557 829 2605 acie
841 2555 924 2603 iusum
941 2559 994 2604 ric-

86 2645 196 2695 tumque
207 2635 348 2683 Romsnum
360 2652 366 2682 :
379 2632 453 2697 qnid,
464 2632 486 2679 si
498 2633 588 2683 Gallias
599 2632 686 2692 jugum
696 2627 821 2677 estuanti
831 2638 954 2695 quantum
966 2633 994 2697 in

85 2705 161 2757 tratis
170 2702 314 2769 reliquum?
325 2706 511 2772 provinciarum
520 2703 640 2766 sanguine.
649 2701 792 2764 provincias
803 2700 867 2745 vinci
878 2715 883 2745 :
896 2701 994 2749 neVin·

87 2777 152 2828 dicis
161 2778 240 2826 aciem
252 2780 405 2842 cogitarent:
417 2778 510 2826 Batavo
520 2775 604 2837 equite.
617 2775 736 2838 protritos
746 2769 840 2820 AEduos
849 2770 996 2821 Arvernos·

86 2867 137 2915 que
149 2868 155 2901 ε
166 2850 243 2902 fuisse
257 2854 323 2901 inter
334 2852 449 2917 Verginii
459 2848 551 2897 auxilia
565 2847 652 2910 helgas
663 2861 669 2890 ε
681 2843 787 2906 vereque
804 2844 993 2906 reputantibus,

85 2925 194 2973 Galliam
204 2927 310 2974 suismet
320 2927 415 2973 viribus
424 2920 574 2972 concidisse.
583 2920 655 2967 Nunc
664 2916 764 2970 easdem
773 2918 887 2963 omnium
897 2930 992 2981 partes,

10 3016 19 3026 ³
83 2996 186 3054 addito,
198 3000 218 3045 si
231 2999 294 3063 quid
305 2999 421 3047 militaris
433 2995 573 3060 disciplinae
582 2995 608 3041 in
617 2992 706 3041 castris
716 2989 889 3038 Romanorum
905 2992 993 3056 vigue-

83 3073 119 3120 rit
129 3087 197 3122 :esse
210 3091 298 3124 secum
308 3086 440 3124 veteranas
449 3072 583 3126 cohortes,
596 3070 688 3131 quihus
700 3082 780 3131 nuper
792 3065 901 3116 Othonis
912 3068 995 3131 legin-

82 3160 128 3195 nes
144 3143 340 3210 procubueririt.
362 3147 491 3194 Servirent
510 3141 725 3210 Syriatnstaque,
746 3152 772 3187 et
790 3151 876 3195 suetus
892 3140 995 3201 regibus

83 3219 195 3276 Oriens:
214 3222 309 3281 multos
327 3218 410 3267 adhuc
433 3219 459 3265 in
478 3215 561 3266 Galliis
577 3215 677 3268 uivere,
691 3224 749 3260 ante
770 3214 864 3259 tributa
883 3214 992 3273 genitos.

81 3293 169 3358 Nuper
182 3294 269 3352 certe,
281 3311 343 3343 ceso
356 3291 497 3353 Quinctilio
505 3291 586 3349 Varo,
596 3290 694 3353 pulsum
705 3285 718 3332 le
728 3287 863 3333 Germania
880 3287 991 3333 servitu-

80 3377 143 3415 tem·
162 3368 224 3431 Nec,
236 3368 373 3418 Vitellium
390 3364 545 3432 principem,
566 3359 611 3409 sed
626 3360 747 3409 Caesarem
764 3356 907 3420 Augustum
924 3356 995 3407 bello

81 3452 260 3507 provocatum,
272 3440 431 3493 Libertatem
443 3433 543 3500 asturi,
552 3435 629 3484 etiam
638 3432 716 3483 mutis
725 3428 887 3486 animalibus,
899 3428 997 3483 datam.

753 3499 852 3551 'st
