2234 3817
295 142 300 147 ,
379 100 563 142 auutnrnrr
586 102 653 139 mr.
681 95 724 141 rt.
946 48 1015 138 ‘115

95 190 268 250 manirsbus,
279 184 396 239 noudum
406 195 491 233 tamen
500 182 533 230 ed
543 196 671 235 summum
679 181 764 242 elatis,
777 192 860 233 stante
868 177 950 232 adbuc
960 196 1013 247 pu·

97 268 156 322 nied
163 267 237 323 urbe,
244 275 270 313 et
278 257 369 309 validis
375 273 421 324 per
428 257 515 306 Asiam
521 257 650 320 regibusu:
657 255 735 304 simul
744 255 789 305 «L.
797 257 892 306 Sullam
901 267 990 305 testem
996 269 1012 301 n

98 342 260 397 adferebant,
272 334 445 400 agrarissimo
462 333 488 379 in
504 331 649 379 discrimine
661 329 785 398 exercitiis
793 368 800 388 ,
809 331 843 379 ob
854 331 1014 396 asperitatem

100 412 199 466 biemis‘
206 451 212 471 ,
221 425 248 460 et
256 408 391 477 penuriam
401 407 490 463 vestis,
498 419 577 469 quum
584 401 610 451 id
617 403 751 468 Smyrnam
760 405 785 452 in
793 405 944 453 poncionem
950 419 1015 451 nun.

99 493 195 540 tietum
204 488 285 540 loret,
297 496 401 541 ornnes,
413 474 457 542 qui
470 477 619 535 adstabant,
631 475 769 525 detraxisse
779 479 880 543 corpori
889 478 1015 540 tegmina,

96 562 245 624 nostrisque
251 555 394 621 legionibus
402 553 499 599 misisse
507 568 532 600 u.
541 551 580 598 Ita
587 551 666 614 rogati
675 552 826 600 senteutiam
832 563 923 619 patres,
929 553 1017 616 Smyr·

101 651 172 686 rraeos
182 630 324 697 praetulere.
335 624 490 687 censuitque
500 622 592 674 Vibius
600 623 698 670 Marsus
710 635 760 671 ‹rut
768 625 805 672 M.
815 623 922 689 Lepido,
933 628 973 670 cui
985 638 1015 671 ea

106 704 240 777 provincia
249 694 483 760 obvenerat‚'sdper
490 711 625 743 numerum
633 696 772 760 legaretur,
782 699 823 760 qui
831 697 920 762 templi
927 713 1014 746 curam

108 783 273 847 susciperet»
285 774 386 837 :etquis
398 767 509 833 Lepidus
519 768 574 832 ipse
584 768 694 834 deligere
706 787 751 837 per
760 771 910 821 modestiam
919 771 1016 821 abnue·

107 861 155 911 bar
164 892 171 913 ,
184 852 300 903 Valerius
309 850 391 909 Naso,
402 834 563 908 epraetoriis‘,
576 853 645 890 sorte
654 845 743 892 missus
752 839 799 893 est’.

54 988 58 991 ¹
134 926 223 978 LVII.
241 923 309 971 luter
320 937 390 985 qua,
404 917 450 966 diu
467 915 610 978 meditato,
624 919 775 982 prolatoque
792 915 882 984 taepiirs
893 915 998 964 coneilio
1006 950 1014 974 ‚

102 1002 208 1054 tandem
220 999 300 1047 Csesar
309 997 335 1044 in
346 990 525 1059 Campaniam,
535 992 620 1054 specie
628 989 762 1039 dedicandi
771 992 878 1055 templa,
886 988 954 1055 apud
964 990 1016 1036 Ca·

99 1094 179 1145 puam
187 1073 261 1130 dori,
275 1070 342 1136 opud
353 1068 448 1118 Nolam
457 1066 587 1128 Augusto,
597 1064 642 1111 sed
654 1077 736 1114 certus
744 1064 835 1130 procul
843 1064 904 1112 urbe
915 1061 1015 1127 degere.

102 1158 211 1205 Causam
223 1142 353 1198 abscessits
361 1179 369 1206 ,
378 1155 524 1206 quanquam
532 1149 634 1204 secutus
644 1139 769 1204 plurimos
780 1150 910 1187 auctorum
925 1135 956 1184 etl
968 1135 1015 1182 Se.

104 1228 157 1292 ‘rani
169 1221 237 1275 artei
245 1220 337 1283 retuli;
352 1217 411 1281 quia
421 1210 581 1262 tamencaede
592 1211 644 1272 ejus
660 1211 771 1275 patrarat,
787 1229 829 1260 sex
838 1209 924 1277 posted
935 1225 1014 1257 anuos

105 1302 164 1368 pari
179 1304 277 1346 secreto
293 1289 437 1357 coujrmrit,
453 1285 604 1351 plerumque
624 1298 791 1345 permoveor,
807 1302 868 1332 num
884 1284 915 1331 ad
931 1285 1014 1348 ipsum

107 1372 200 1425 referri
211 1368 296 1417 verius
306 1364 351 1419 sit,
364 1359 486 1410 saevitiam
501 1371 530 1403 ac
540 1353 688 1411 libidinem,
700 1373 778 1420 quum
788 1357 860 1405 lactis
873 1369 1014 1423 promeret,

102 1447 171 1498 lucie
181 1441 359 1492 occultantem.
368 1435 448 1482 Erant
457 1430 501 1492 qui
509 1425 641 1479 crederent
651 1427 675 1474 in
688 1441 817 1493 senectute
826 1432 937 1496 corporis
947 1448 1015 1495 quo·
1069 1460 1074 1465 -

105 1536 157 1585 que
165 1516 284 1566 habitum
294 1508 385 1576 pudori
392 1504 482 1552 luisse:
493 1501 629 1567 quippeilli
638 1502 785 1564 praegracilis
793 1539 800 1561 ‚
808 1516 833 1551 et
841 1504 941 1552 incurva
951 1521 1014 1568 pro-

102 1593 197 1644 ceritas
203 1626 213 1655 ,
229 1584 311 1636 nudus
321 1579 414 1646 capillo
422 1586 520 1633 vertex,
534 1576 647 1622 ulcerosa
660 1574 749 1637 iacies,
762 1595 791 1625 ac
800 1579 947 1645 pler-umque
959 1594 1014 1626 me.

104 1660 279 1716 dictaminibus
290 1653 449 1705 interstincta
461 1668 467 1698 ι
479 1660 505 1697 et
514 1647 599 1697 Rhodi
609 1659 716 1712 secreto,
728 1651 809 1700 vitare
821 1664 912 1714 coetus,
921 1667 1013 1700 recon-

100 1730 163 1790 derexx
170 1736 319 1800 voluptates
329 1730 452 1776 insuerat.
463 1722 581 1773 Traditur
590 1725 667 1770 etiarn
679 1725 765 1773 matris
772 1720 921 1791 impotentirl
930 1735 1015 1773 extru-

104 1820 175 1871 tum,
185 1823 263 1875 quam
278 1798 461 1853 dominationis
472 1799 565 1846 sociam
575 1795 781 1861 adspemabatur,
793 1817 874 1864 neque
888 1798 1014 1865 depellere

35 1936 39 1943 ,
98 1895 219 1955 poterat,
227 1895 307 1949 qutun
318 1873 521 1928 dominationem
532 1872 613 1938 ipsam
626 1869 721 1922 donum
731 1872 784 1935 ejus
794 1877 938 1940 accepisset.
949 1875 1016 1922 Nam

104 1959 269 2012 dubiterertt
283 1953 410 2019 Angustus
424 1947 605 1995 Germanicum
620 1947 714 1995 sororis
731 1959 867 2012 nepotem,
878 1960 904 1994 et
918 1947 1015 1996 eunctis

104 2034 243 2088 laudatum
253 2067 259 2090 ,
268 2028 434 2079 reiRomane
448 2023 580 2088 imponere
594 2037 600 2066 t
613 2019 657 2067 sed
670 2021 787 2085 precibus
802 2022 890 2068 uxoris
903 2021 1014 2084 erictus,

106 2109 216 2161 Tiberio
226 2104 419 2159 Germanicum,
428 2097 479 2146 eibi
487 2094 621 2145 Tiberium
630 2094 737 2143 adscivit
746 2112 753 2140 ε
764 2093 840 2160 idque
847 2092 961 2159 Augusta
970 2110 1016 2143 ex-

104 2183 256 2251 probrabat,
269 2175 426 2245 reposcebat.
495 2178 498 2183 '
622 2180 625 2184 ’

137 2252 231 2308 LVIII.
245 2252 372 2303 Profectio
383 2255 444 2296 ‘arto
462 2241 588 2294 comitatu
603 2240 652 2290 fuit
665 2259 671 2291 ε
683 2258 749 2290 uuus
765 2254 866 2291 senator
883 2240 1017 2292 consulatu

105 2331 222 2392 iunctus,
239 2329 360 2379 Cocceius
374 2324 477 2378 Nerva,
496 2322 537 2368 cui
552 2319 637 2383 legum
652 2318 760 2383 peritia3
779 2332 854 2383 eques
869 2319 1014 2374 Romanus,

103 2418 193 2474 praeter
202 2403 335 2469 Seianum,
350 2414 381 2449 ex
390 2395 532 2446 illustribus
545 2393 648 2441 Curtius
655 2390 773 2463 Atticus3
783 2395 860 2441 ceteri
868 2392 1016 2444 liberalibus

102 2481 193 2531 studiis
205 2477 305 2544 praediti
315 2511 322 2533 ‚
331 2470 412 2521 ferme
422 2470 503 2518 Graeci
514 2505 520 2526 ,
530 2485 640 2531 quorum
651 2469 810 2516 sermonibus
817 2468 956 2515 levaretur.
964 2466 1017 2514 Fe·

103 2555 194 2605 rebant
206 2550 283 2616 periti
294 2547 451 2605 coelestium,
468 2560 483 2593 tt
493 2543 524 2591 iis
535 2541 648 2591 motibus
660 2540 773 2589 siderum
787 2539 922 2589 excessisse
932 2536 1016 2585 Romal

102 2626 242 2676 Tiberium
251 2658 258 2681 ‚
268 2634 298 2670 ut
311 2619 407 2670 reditus
424 2618 461 2668 illi
478 2627 615 2681 negaretur
627 2631 641 2661 o
657 2630 662 2662 :
675 2614 741 2662 unde
756 2614 828 2662 exitii
841 2628 914 2660 causa
930 2609 1017 2659 multis

108 2697 161 2748 iuit
171 2733 178 2755 ‚
188 2711 323 2761 properum
328 2696 403 2743 duem
412 2694 468 2742 vite
479 2686 688 2754 coniectantibus,
697 2685 906 2749 vulgantibusque
917 2702 923 2732 :
935 2700 1016 2749 neque

105 2770 176 2819 enim
187 2779 239 2816 tam
250 2766 422 2819 incredibilem
437 2781 523 2815 casum
527 2759 707 2829 providebant,
716 2770 745 2806 ut
754 2757 871 2806 undecim
882 2775 928 2823 per
937 2774 1017 2806 anuos

104 2842 190 2892 libens
201 2841 282 2907 patrid
298 2853 402 2891 careret.
420 2843 479 2890 Mox
495 2839 578 2905 patuit
588 2835 663 2884 breve
680 2832 819 2887 confinium
831 2833 892 2879 artis
907 2844 932 2879 et
941 2829 1015 2897 lalsi5

104 2931 214 2988 veraque
224 2913 300 2978 quim
313 2916 430 2963 obscurio
439 2921 585 2977 tegerentur
598 2927 604 2958 :
620 2928 685 2972 nom
696 2913 725 2958 in
740 2907 829 2959 urbem
843 2924 899 2957 non
912 2923 1018 2974 regres-

102 3005 195 3040 surum
202 3025 213 3048 ,
226 2987 296 3037 haud
310 2987 376 3038 forte
392 2989 509 3036 dictum:
526 2996 669 3034 ceterorum
687 2983 766 3031 nescii
777 2981 849 3047 egdre
865 2998 943 3046 quum
958 2996 1018 3047 pro·

100 3059 199 3124 pinque
215 3076 292 3123 rure,
309 3074 354 3110 eut
370 3062 472 3122 littore,
489 3069 515 3110 et
526 3057 590 3126 sepe
601 3058 694 3107 moenia
707 3057 776 3107 urbis
789 3055 919 3114 adsidens,
931 3064 1018 3104 extre-

100 3147 168 3205 num
180 3146 310 3184 senectam
323 3137 503 3204 compleverit.
727 3150 733 3185 r

131 3204 204 3256 mx.
223 3206 263 3258 Ac
280 3208 349 3260 lortb
366 3212 418 3262 illis
427 3210 515 3261 diebus
528 3209 643 3259 oblatum
652 3207 741 3254 (letari
757 3221 848 3271 auceps
859 3202 1018 3271 periculum,

59 3313 62 3320 ·
98 3279 169 3329 auxit
188 3296 255 3329 vana
272 3284 404 3349 rumcris3
423 3284 583 3349 prebuitque
603 3280 651 3346 ipsi
670 3279 821 3336 materiem,
841 3294 886 3326 cur
903 3273 1018 3322 amicitie

96 3352 297 3421 unctumque
314 3356 403 3423 Seiani
420 3357 499 3424 megia
515 3354 616 3408 rideret.
636 3352 811 3419 Vescebautur
829 3351 857 3398 in
875 3346 937 3398 vult
946 3380 955 3404 ,
972 3343 1015 3393 cui
