2234 3817
304 235 739 285 ,ersronranuumnrn
844 246 848 253 ’
947 231 999 281 44ι

19 352 20 355 ,
86 320 208 375 gronam,
217 312 361 364 universam
370 319 392 366 ei
404 322 731 382 gentemdsdidere.Labeo
742 333 875 388 antequam
886 323 998 371 circurn-

61 384 65 397 ²
85 383 240 446 veniretur,
254 387 374 456 profugit.
390 386 601 446 Civilislletasios
612 414 711 463 quoque
723 415 752 447 ac
762 399 869 447 Nervios
884 398 910 445 in
920 397 996 446 fidem
1030 453 1034 459 .

88 467 210 520 acceptos
222 460 301 524 copiis
311 465 362 511 suis
375 464 504 529 adjunxit:
516 469 604 534 ingens
616 487 716 529 rerum,
727 471 848 537 perculsis
861 469 995 518 civitatum

82 526 203 583 inimi&
217 530 257 578 vel
271 545 361 599 sponte
374 536 563 590 inclinantibus.
765 606 767 609 ι

121 596 231 651 LXVII.
241 605 339 656 Interea
350 609 365 656 J
366 610 432 659 nlius
444 613 550 663 Sabinus
556 651 564 674 ‚
575 614 694 681 projectis
703 614 802 663 foederis
813 614 921 664 Romani
934 631 995 664 mo-

84 675 231 737 numesslifis
246 677 383 733 Coesarem
402 699 427 733 se
445 686 548 736 salutari
557 688 647 752 jubet,
659 703 825 752 magnamque
837 698 862 734 et
874 687 994 736 incondi-
1073 717 1079 731 s

29 774 34 779 -
82 751 138 790 tam
149 749 312 810 popularium
323 756 425 805 turbem
436 759 460 806 iu
476 759 604 825 Sequanos
618 763 699 827 rapit,
710 761 894 810 conterminam
902 761 994 809 cirita-

18 848 20 851 ·
81 826 151 876 tem,
164 831 191 868 et
200 822 274 893 nobis
280 827 366 878 fidam.
378 831 430 880 Nec
438 834 547 898 Sequani
555 835 726 885 detrectavere
732 846 869 884 certamen.
879 833 900 883 F
901 847 993 891 ortona

78 891 234 945 melioribus
256 894 345 952 adluit.
365 902 429 955 Fosi
447 904 582 974 Lingones,
607 910 714 958 Sabinus
735 908 880 969 festinabam
897 908 990 983 temere

50 969 63 1011 ’,
77 966 213 1028 praelium,
223 975 279 1037 pari
288 972 422 1027 formidine
435 978 552 1032 deseruit.
564 983 650 1047 thue
659 983 752 1032 lamam
760 983 831 1031 exitii
839 982 878 1029 sui
887 980 989 1039 laceret,

71 1032 186 1102 ‘viltam
201 1043 228 1097 in
241 1062 317 1110 quam
334 1049 495 1117 perfugerat,
515 1061 658 1118 cremavit,
676 1057 727 1103 illic
749 1053 889 1102 voluntarii
907 1065 989 1103 morte

78 1109 210 1163 interiisse
222 1119 344 1171 creditus.
354 1122 403 1172 Sed
414 1127 506 1189 quibus
518 1130 615 1193 artibus
631 1129 782 1192 latebrisque
794 1128 872 1176 vitam
884 1142 929 1192 per·
940 1143 989 1174 uo·

77 1197 141 1232 vern
149 1203 215 1238 mox
232 1209 311 1243 anuos
324 1197 482 1264 traduxerit,
493 1204 569 1265 simul
580 1204 719 1251 amicorum
737 1201 793 1263 eius
802 1201 967 1248 constantiam
978 1234 992 1261 ..

78 1267 107 1305 et
116 1257 213 1326 insigne
222 1266 342 1334 Epponiae
353 1274 439 1321 uxoris
446 1276 593 1342 exemplum
601 1312 608 1334 ,
617 1293 664 1325 suo
675 1277 732 1324 loco
742 1273 884 1322 reddemus.
895 1274 988 1337 Sequa·

68 1342 302 1406 *nonrm‘prosperi
315 1344 368 1391 acie
377 1345 554 1413 belliimpetua
564 1350 642 1398 stetit.
653 1349 809 1414 Resipiscere
817 1344 940 1415 perstatim
948 1347 986 1393 ci-

79 1405 184 1466 vitates,
198 1409 284 1478 fasque
300 1428 325 1464 et
337 1415 428 1466 loedere
440 1422 582 1484 respicere,
598 1422 756 1488 principibus
770 1421 873 1483 Remis,
885 1419 929 1483 qui
939 1435 985 1502 per

18 1520 19 1523 ,
57 1509 60 1515 -
80 1478 177 1532 Gallias
186 1482 363 1552 edixere,}‹ut
375 1491 457 1540 missis
468 1493 594 1560 legatisin
606 1508 740 1561 commune
753 1492 935 1557 consultarent,
950 1493 991 1549 lis

18 1574 20 1577 v
75 1550 162 1604 beros
171 1573 202 1605 nn
214 1575 263 1623 pax
275 1560 419 1624 placeret».

107 1626 228 1680 LXVIII.
241 1632 276 1685 At
288 1636 377 1685 Rome
385 1651 483 1689 cuncta·
491 1642 517 1691 in
527 1642 638 1697 deterius
647 1644 734 1697 audsta
744 1646 892 1700 Mucianum
907 1646 984 1708 ange*

18 1740 20 1743 ,
72 1697 154 1763 bant,
166 1722 213 1763 ne,
225 1724 369 1773 quanquam
385 1715 479 1775 egregii
487 1715 566 1771 duces
583 1714 649 1780 (jam
660 1720 729 1767 enirn
742 1720 845 1770 Gallum
853 1718 982 1787 Annium.

18 1792 22 1821 ι
73 1783 99 1825 et
111 1775 233 1829 Petilium
244 1782 369 1830 Cerialem
378 1781 518 1851 delegerat)
529 1805 656 1837 summam
664 1790 726 1837 belli
735 1809 826 1854 parum
837 1793 985 1861 tolerarent.¹

18 1867 20 1908 j
70 1846 127 1895 Nec
138 1850 301 1914 relinquenda
315 1857 376 1903 urbs
389 1858 443 1904 sine
458 1869 566 1906 rectore.
577 1860 611 1906 Et
624 1860 765 1910 Domitiani
782 1866 910 1913 indomitas
919 1867 982 1913 libi-

72 1916 150 1975 dines
163 1924 327 1992 timebantur,
341 1926 476 1993 suspectio,
491 1929 529 1979 uti
542 1930 672 1996 diximus,
688 1934 774 1982 Primo
784 1935 913 2000 Antonio,
926 1936 980 1986 Va-

24 1996 30 2001 “
69 2006 157 2055 toque
167 1994 247 2045 Arrio.
257 2000 340 2051 Varus
349 2003 505 2067 pretorianis
517 2006 677 2069 prepositus,
690 2007 743 2053 rim
752 2019 826 2073 atque
837 2027 907 2071 arma
916 2006 991 2059 rem

70 2067 158 2116 nebat.-
171 2069 235 2120 Eum
248 2075 390 2138 Mucianus,
403 2066 505 2143 pullum
518 2081 591 2141 loeo,
604 2096 637 2129 ne
647 2084 702 2130 sine
712 2081 803 2145 solatio
818 2097 919 2148 ageret,
931 2103 980 2134 an·

71 2155 142 2189 nonae
154 2145 274 2208 praeleeit.
288 2150 372 2215 thue
387 2153 523 2200 Domitiani
541 2153 675 2217 animum,
686 2155 755 2204 Varo
769 2154 838 2204 baud
851 2157 977 2216 alienum,
1005 2194 1008 2197 ,

71 2217 205 2293 deliniret,
217 2227 362 2280 Arretinum
373 2232 544 2299 Clementem,
559 2233 646 2285 domui
654 2237 804 2302 Vespasiani
814 2253 859 2303 per
871 2241 979 2303 affinita7

71 2290 125 2340 tem
137 2297 257 2350 innexum
266 2339 273 2363 ,
283 2317 310 2352 et
317 2307 488 2369 gratissimum
497 2308 645 2359 Domitiano
655 2347 661 2371 ,
671 2313 826 2376 praetorianis
833 2318 977 2381 praeposuit,

73 2383 87 2413 o
97 2379 192 2430 patrem
203 2377 269 2436 eins,
282 2379 329 2425 sub
344 2380 404 2428 Caio
418 2383 526 2442 Caesare,
539 2378 638 2448 egregiis
650 2384 766 2449 functum
781 2386 810 2433 eir
822 2389 904 2445 curri»
918 2387 974 2439 dic·

68 2440 157 2494 titana.
171 2446 289 2498 «Letum
302 2452 426 2505 militibus
435 2455 503 2504 idem
513 2473 609 2513 nomen
619 2477 624 2507 :
637 2471 711 2524 atque
721 2459 820 2525 ipsum,
831 2480 976 2527 quanquam

66 2521 188 2572 senatorii
207 2523 317 2583 ordinis,
333 2526 365 2574 ad
383 2540 491 2593 utraque
501 2534 589 2581 munia
607 2534 754 2583 sufficere».
774 2531 974 2586 Assumuntu're

18 2626 23 2629 .
67 2589 172 2640 civitate
185 2596 339 2646 clarissimus
352 2599 478 2666 quisque,
493 2615 519 2651 et
533 2606 577 2653 alii
588 2623 632 2670 per
644 2608 816 2656 ambitionem.
826 2609 907 2657 Simul
915 2613 974 2660 Do.

66 2660 187 2716 mitianns
197 2665 380 2736 Mucianusque
389 2676 597 2738 accingebantur,
611 2679 705 2742 dispari
715 2680 800 2727 animo
812 2699 818 2727 :
834 2681 874 2730 ille
886 2700 929 2748 spe
943 2702 973 2739 ac

63 2733 171 2794 juventi
180 2758 319 2810 properus,
330 2743 372 2792 hic
380 2761 465 2795 moras
479 2759 598 2805 nectens,
610 2750 666 2812 quis
678 2751 826 2813 flagrantem
837 2755 973 2816 retineret,

65 2824 98 2854 ne
106 2808 199 2861 lerocii
210 2818 288 2864 aetatis
295 2852 302 2876 ,
315 2825 342 2867 et
350 2819 434 2882 pravis
446 2820 637 2884 impulsoribus,
648 2823 668 2868 si
677 2825 817 2879 exercitum
826 2825 970 2891 invasisset,

63 2882 124 2946 paci
137 2884 257 2952 belloque
274 2888 339 2938 male
357 2892 505 2951 consuleret.
523 2891 648 2957 Legiones
663 2896 797 2957 victrices,
810 2910 877 2947 serta
890 2915 915 2951 et
925 2921 970 2954 oc-

62 2963 120 3005 lava
131 2992 137 3013 ,
148 2957 358 3029 Vitellianarum,
370 2967 565 3015 unoetvicesima
572 3006 581 3029 ,
598 2968 705 3016 trecens
719 2972 868 3035 conscriptis
876 2992 970 3025 secun-

63 3032 112 3093 da,
128 3035 230 3090 Petrinis
240 3045 412 3109 Cottianisque
424 3045 546 3112 Alpibus,
558 3065 617 3113 pars
628 3060 713 3097 monte
726 3049 816 3109 Graio,
828 3053 970 3106 traducun-

60 3120 111 3159 tur.
129 3112 400 3183 Quartodecimalegio
412 3119 580 3180 custumia,
597 3134 666 3170 serta
677 3138 705 3170 ac
720 3122 816 3172 decima
826 3143 857 3174 ea
873 3130 969 3195 Hispa,

59 3184 102 3231 nib
114 3186 212 3235 accitae.
227 3190 308 3253 Igitur
320 3193 443 3240 venientis
456 3192 581 3242 exercitiis
591 3194 671 3253 fami,
684 3207 709 3244 et
724 3210 813 3262 suopte
821 3200 923 3263 ingenio
935 3207 968 3255 ad
1014 3208 1016 3211 ’

59 3258 164 3307 mitiora
185 3262 335 3315 inclinantes
354 3266 494 3333 Galliarum
512 3268 642 3329 civitates,
664 3270 691 3317 in
708 3269 800 3319 Remos
815 3280 964 3331 convenere.

59 3330 234 3383 Treverorum
252 3328 345 3404 legatio
365 3328 421 3389 illic
444 3343 646 3407 opperiebatur,
678 3347 802 3392 acerrimo
821 3350 968 3403 instinctore

55 3403 116 3451 belli
126 3405 214 3455 Tullio
226 3411 372 3465 Valentino.
384 3416 408 3465 ls
420 3415 538 3466 meditati
550 3417 662 3465 oratione
671 3453 678 3478 ,
687 3431 789 3478 cuncta,
805 3426 900 3487 magnis
918 3427 968 3474 im·

56 3480 135 3543 perlis
151 3482 277 3549 objectari
289 3492 376 3554 solita,
386 3492 620 3558 contumeliasque,
633 3503 658 3548 et
672 3493 795 3613 iuvidiapp
807 3495 834 3613 ἤδη
844 3499 966 3563 populum
