2234 3817
159 184 210 236 sbi
472 196 497 233 c.
517 192 611 236 conr.
630 192 750 235 rsctrr
792 237 795 240 ,

159 278 213 336 vie,
227 274 418 338 resiliendo,
430 274 571 343 Numaque
578 279 660 344 regia,
670 289 696 327 et
707 276 841 346 delubrum
847 273 930 328 Vesta
941 293 1001 330 cum
1012 279 1062 333 re:

159 352 263 402 natibus
273 351 363 417 populi
374 351 498 409 Romani,
512 362 610 399 exusta.
624 351 680 399 lem
693 366 754 417 opes
768 361 808 400 tot
818 351 929 400 victoriis
939 356 1062 416 quesite,

159 437 185 475 et
198 426 342 476 Graecarum
353 427 447 473 artium
461 424 565 487 decora,
579 426 637 474 erin
649 436 812 474 monumenta
827 425 984 489 ingeniorum
996 431 1063 479 anti-

158 514 208 563 qua
220 503 247 547 et
257 498 416 563 incorrupta,
428 497 544 561 quemvis
556 498 582 544 in
594 497 662 547 tanti
673 498 827 564 resurgentis
838 495 909 547 urbis
919 499 1062 563 pulchritu-

158 569 231 633 dine,
240 572 319 619 multa
328 571 439 621 seniores
447 570 629 630 meminerant,
639 588 692 636 quae
702 573 814 637 reparari
825 572 971 636 nequibant.
982 572 1063 622 Fuere

156 646 202 709 qui
212 643 479 709 adnotareutpquartc
492 642 596 694 decimo
605 644 733 694 Kalendas
742 645 850 694 Sextiles
857 646 1012 710 principium
1023 646 1063 694 in·

155 717 239 765 cendii
251 716 325 780 buius
336 730 435 779 ortum,
448 734 499 780 qno
511 728 538 767 et
546 718 660 767 Senones
676 730 776 784 captam
788 718 876 766 urbem
889 719 1062 770 inflammare-

154 789 274 837 ranttalii
282 789 398 855 eburque
405 790 596 856 euriprngressi
604 803 672 849 tunt
680 803 708 841 ut
716 788 906 841 totidemannos
914 806 1062 857 mensesque

155 872 181 911 et
190 861 260 911 dies
253 875 321 913 inter
334 875 439 927 utraque
451 863 567 912 incendia
578 875 721 913 numerent.

189 936 271 986 XLll.
284 937 405 986 Ceterum
415 938 483 987 Nero
495 954 555 987 usus
568 947 607 986 est
622 937 708 1003 patriae
720 937 801 986 ruinis
808 938 999 1008 ,exstruxitque
1013 937 1061 988 do·

155 1026 236 1069 mum,
247 1005 767 1077 inquihaudperiudegemmaeetaurum
776 1013 1009 1069 miraculoessent,
1020 1028 1063 1061 so·

153 1090 198 1138 lita
211 1083 324 1152 pridem,
335 1095 361 1133 et
372 1084 433 1144 luxu
444 1085 559 1149 vulgata,
571 1083 646 1149 quim
656 1100 716 1133 srva
727 1095 754 1132 et
764 1094 864 1164 stagna,
881 1094 907 1133 et
917 1086 943 1133 in
953 1084 1062 1133 modum

154 1145 471 1218 solitudinumhincsilvae,
479 1154 630 1223 indesperta
638 1159 726 1230 spatia
734 1167 925 1223 etprospectus:
932 1159 1063 1223 magistris

155 1244 182 1283 et
193 1228 410 1280 machinatoribus
420 1227 513 1277 Severo
524 1240 551 1277 et
560 1230 663 1291 Celere,
676 1222 784 1294 qulbus
778 1231 906 1295 ingenium
919 1241 944 1276 et
955 1228 1062 1277 audacia

153 1314 217 1365 erat,
228 1304 367 1366 etiamque
377 1311 465 1349 natura
474 1300 658 1366 denegavisset,
665 1320 711 1369 per
721 1314 801 1351 artem
812 1314 916 1359 tentare,
927 1313 953 1349 et
960 1302 1062 1354 viribus

152 1375 276 1443 principis
288 1374 404 1423 illudere.
416 1374 531 1437 Namque
543 1376 595 1423 «sb
605 1376 662 1425 lacu
672 1377 775 1425 Aterno
778 1372 952 1440 navigabilem
963 1373 1060 1425 fossam

152 1446 273 1512 usquead
282 1449 348 1497 osiia
357 1449 478 1498 Tiberius
488 1448 672 1515 depressuros»
685 1449 867 1513 promiserant,
876 1449 1002 1512 squalenti
1014 1450 1062 1499 lit-

150 1534 222 1584 tore,
234 1529 277 1566 aut
290 1535 333 1582 per
343 1528 443 1567 montes
454 1520 573 1567 adversos
590 1537 595 1567 ε
613 1520 774 1582 nequeenim
786 1520 855 1568 alind
867 1520 1001 1569 humidum
1019 1517 1063 1587 gi-

151 1591 257 1660 gnendis
268 1589 339 1652 aquis
347 1589 468 1642 occurrit,
478 1589 553 1652 quim
563 1589 703 1653 Pomptino
710 1590 828 1654 paludes:
838 1604 922 1640 cetera
931 1593 1060 1658 abrupte,

151 1677 195 1716 aut
203 1663 297 1714 arentia
308 1677 314 1707 ι
324 1674 353 1707 ac
360 1660 380 1708 ti
388 1662 519 1726 perrumpi
528 1672 645 1726 possent,
657 1662 834 1712 intolerandus
842 1665 926 1728 labor,
937 1680 985 1712 nec
994 1667 1061 1715 satis

149 1746 237 1789 eausa.
247 1736 315 1786 Nero
323 1744 421 1788 tamen.
431 1744 459 1781 ut
468 1743 523 1781 erat
531 1731 718 1783 incredibilium
729 1736 838 1800 cupitor,
848 1734 957 1782 effodere
967 1740 1062 1799 proxi-

149 1827 191 1862 ma
203 1810 306 1859 Averno
316 1806 373 1872 juga
383 1806 509 1854 connixus
521 1817 575 1854 eat:
587 1817 738 1871 manentque
750 1805 854 1871 vestigia
867 1805 944 1854 irritze
954 1807 1021 1870 spei.

180 1884 278 1935 XLlll.
284 1877 414 1941 Ceteriun,
421 1878 493 1929 urbis
499 1895 553 1944 quae
559 1876 647 1928 domui
653 1890 807 1947 supererant,
815 1895 875 1938 non,
885 1888 977 1942 utpost
986 1878 1061 1927 Gal.

150 1954 335 2017 lisuncensis,
344 1953 413 2003 nulla
423 1952 604 2016 distinctione,
613 1967 661 2003 nec
671 1954 771 2039 passim
773 1964 870 2012 erecta,
878 1950 923 1999 sed
933 1950 1063 2001 dimensis

148 2035 263 2082 vicorum
270 2026 412 2078 ordinibus
419 2025 539 2075 etlatts
517 2042 613 2075 riarum
621 2027 717 2094 sputus,
724 2025 883 2089 colrsbttdque
891 2023 1059 2077 aedificiorum

149 2104 298 2160 altitudine,
310 2117 339 2150 nc
347 2093 479 2167 patefactis
487 2102 560 2161 areis,
572 2100 715 2167 additisque
725 2099 872 2166 porticibus,
882 2114 936 2162 que
945 2097 1059 2152 frontem

148 2182 289 2231 insularum
300 2185 470 2242 protegerent.
481 2177 549 2223 ullas
559 2176 672 2241 porticus
680 2173 759 2226 Nero
770 2174 813 2222 sui
825 2172 933 2239 pecnnid
941 2184 1059 2221 exstrue

148 2264 249 2311 turum,
263 2260 428 2314 purgatasque
442 2263 511 2295 areas
523 2246 634 2296 dominis
649 2245 802 2294 traditurum
811 2261 836 2305 r,
856 2247 984 2311 pollicitus
1001 2250 1057 2296 erl·

148 2321 256 2374 Addidit
265 2319 364 2385 praemia
372 2351 380 2375 ‚
388 2333 435 2381 pro
445 2317 565 2381 cujusque
577 2316 680 2374 ordine,
691 2329 718 2367 et
729 2320 767 2367 rei
777 2317 909 2368 familiaris
917 2319 994 2383 copiis
1004 2334 1011 2365 t
1023 2317 1057 2364 n-

147 2396 261 2459 nivitque
270 2391 450 2457 tempus,intra
458 2388 527 2454 quod
537 2389 632 2441 effectis
642 2391 762 2441 domibus
770 2404 815 2443 aut
825 2393 923 2454 insulis,
931 2391 1056 2454 adipitec·

147 2480 245 2530 rentur.
257 2464 372 2514 «liuderi
381 2462 529 2529 accipiendo
538 2464 669 2514 Ostienses
676 2466 784 2531 paludes
790 2463 1057 2525 destinabat,utiqne

148 2559 239 2603 noves,
251 2555 303 2605 qua
316 2534 471 2587 frumentum
480 2536 569 2586 Tiberi
581 2538 784 2598 subvectassent,
797 2546 893 2602 quustae
903 2534 992 2585 rudere
1003 2534 1055 2585 de·

149 2626 288 2667 currerent.
301 2611 463 2676 AEdificiaque
472 2613 539 2677 ipsa,
552 2611 621 2661 certi
633 2613 673 2662 sul
684 2625 772 2679 parte,
782 2613 835 2663 sine
851 2610 978 2665 trabibus,
990 2626 1055 2658 sexo

149 2689 249 2739 Gabino
258 2687 389 2738 Albanove
401 2684 592 2748 sulidsrenturu
604 2703 611 2734 t
623 2685 693 2751 qudd
703 2687 724 2735 is
731 2685 795 2751 lapis
805 2684 906 2749 ignibus
915 2681 1053 2748 impervius
1110 2708 1113 2715 ·

148 2777 198 2814 est.
215 2765 290 2811 uJatn
303 2778 380 2823 aqua,
391 2762 547 2826 privatorum
558 2761 661 2810 licentis
676 2760 817 2824 intercepta
824 2794 832 2816 ,
844 2756 895 2821 qud
908 2756 1013 2819 largior,
1025 2764 1055 2803 et

147 2835 264 2904 pluribus
275 2833 358 2888 lotis'
352 2850 377 2882 ιιι
391 2834 527 2896 publicum
539 2835 643 2918 flueret,
658 2832 793 2895 custodes·
786 2842 832 2880 ·et
846 2829 957 2877 subsidia
969 2828 1053 2914 repri-

148 2907 246 2955 mendis
257 2906 376 2969 ignibua'
370 2922 396 2951 m
410 2908 545 2970 propatulo
558 2909 664 2974 quisque
678 2908 796 2970 haberet3
814 2920 860 2954 nec
872 2904 1052 2952 communione

146 2980 286 3045 parietum
295 2941 843 3041 sedpropriisquaequemurisaiobircnttir»
854 2975 889 3024 Ea
900 2972 1052 3025 exstitistis

147 3060 265 3114 accepta,
279 3046 396 3094 decorem
412 3063 512 3113 quoque
527 3068 599 3099 nerse
613 3053 671 3102 urbi
684 3052 801 3101 attulere.
814 3049 894 3098 lirant
907 3058 993 3095 tamen
1005 3050 1052 3111 qui

146 3122 294 3182 crederent,
307 3132 438 3168 «veterem
449 3122 519 3169 illam
532 3122 640 3172 formam
649 3124 877 3186 salubritatirnagis
885 3118 1051 3178 conduxisse,

147 3195 265 3261 quoniam
275 3192 394 3255 angustia
401 3191 529 3253 itinerum,
538 3207 563 3243 et
571 3196 678 3244 altitudo
689 3209 813 3246 tectorum
821 3211 870 3244 nou
878 3191 983 3259 perinde
989 3191 1051 3240 solis

146 3283 240 3331 rapere
252 3279 473 3330 perrntupetentur
486 3285 491 3314 :
504 3278 530 3314 at
545 3284 613 3315 nunc
626 3271 740 3334 patulam
752 3269 928 3330 latitudinem,
941 3278 967 3314 et
980 3262 1051 3314 nulli

146 3338 380 3396 umbridelensatm
392 3342 504 3402 graviore
515 3347 577 3391 ,aratu
589 3342 720 3392 ardescere
726 3362 752 3392 n.
831 3390 835 3396 .

178 3409 272 3470 XMV.
288 3408 322 3464 Et
336 3410 386 3460 bec
399 3412 502 3477 quidem
509 3393 633 3465 inminuit
644 3418 756 3466 consiliis
768 3407 982 3480 providebantur.
988 3411 1050 3472 ltux
