2234 3817
121 125 171 185 230
330 145 338 151 ¹
431 141 457 181 c.
475 138 571 178 conat.
589 133 704 177 racrrr
746 161 749 166 ,

121 240 175 277 tam
186 242 257 277 :nam
270 228 358 294 etipse
367 240 426 292 perr
435 226 607 274 Romanarum
619 219 729 270 cladium
739 215 796 268 erit.
808 211 888 280 Igitur
897 219 978 263 matre
987 208 1031 260 li·
1055 219 1070 234 ⁹

117 299 218 351 bertini
230 314 301 352 ortua
310 338 316 362 ,
327 315 379 363 quae
389 315 480 365 corpus
489 298 608 345 decorum
617 296 684 344 iuter
694 306 781 341 servos
790 289 944 351 libertosque
953 285 1036 352 prins

119 376 204 439 cipum
217 374 376 435 vulgaverat,
392 386 431 419 ex.
443 372 473 419 C.
492 372 589 420 Caesare
599 382 626 417 ae
639 367 751 431 genitum
763 360 874 421 larebat,
885 361 1008 423 quoniam
1019 392 1029 421 ,

120 447 187 497 lorte
195 445 303 510 quadan»
313 482 319 500 ‚
330 443 416 493 lrabitu
428 458 567 508 procerus,
582 451 607 490 et
618 451 691 489 torvo
701 438 773 487 uultu
789 446 843 484 erat
853 451 859 482 ε
870 435 923 482 slve
934 432 963 481 C·
973 432 1032 480 Gaa-

121 535 180 584 aar,
191 532 333 568 scortorum
345 532 445 581 quoque
454 508 559 581 cupiens
572 550 578 571 ‚
589 514 666 562 etiam
676 511 752 560 matri
761 509 814 573 ejus
824 505 913 556 illusit.

151 592 272 643 LXXIII.
283 592 330 642 Sed
341 590 419 655 Nero,
427 603 517 640 vocato
529 599 628 653 senatu,
640 587 754 638 oratione
762 586 827 634 inter
837 593 922 648 patres
929 572 1029 635 habital,

120 666 230 716 edictum
243 665 311 731 apud
319 665 444 730 populum
451 700 459 727 ,
467 676 492 712 et
501 664 592 712 collata
602 663 630 710 in
642 659 819 711 libroaindIcia
827 694 833 714 ,
842 652 1031 705 confessiones·

119 756 168 803 que
181 738 358 787 damnatorum
370 735 497 800 adjunxit.
513 735 617 784 Etenim
629 734 718 783 crebro
730 731 799 795 vulgi
811 740 914 778 rumore
928 724 1030 772 lacera·

119 812 212 872 batur,
226 821 367 874 «tauquam
377 810 449 858 uiros
463 808 594 864 insontes,
608 806 642 855 ob
660 802 797 863 inuidiam,
807 809 962 860 autumetum
980 808 1031 841 ex·

119 877 281 932 stinaiasetu.
289 879 415 932 ‘Ceterrim
424 892 544 947 coeptam,
556 880 718 943 adultamque
727 913 734 935 ,
742 888 768 927 et
779 876 898 925 revictam
910 865 1038 929 conium

119 956 215 1022 tionem
223 992 230 1016 ,
239 973 321 1023 neque
330 968 390 1006 tuuc
400 954 558 1013 dubitarim,
568 954 659 1018 quibus
667 967 756 1019 verum
764 945 884 1002 noscendi
893 959 952 992 cura
963 950 1032 997 erat,

120 1041 145 1084 et
155 1028 279 1088 latentur,
289 1032 333 1096 qui
342 1041 402 1097 post
410 1031 541 1079 interitum
548 1027 656 1077 Neronis
666 1027 693 1076 in
703 1025 791 1074 urbem
799 1019 906 1086 regressi
916 1028 983 1065 aunt.
992 1010 1032 1062 At

118 1100 146 1152 in
157 1116 246 1154 senatu
257 1107 370 1163 cunctis,
383 1115 412 1152 ut
424 1104 515 1168 cuique
523 1099 664 1169 plurimiam
675 1100 805 1156 moeroris,
816 1097 842 1145 iu
855 1092 1032 1143 adulationem

121 1176 250 1242 demissIs,
263 1180 369 1228 Iunium
383 1178 541 1234 Gallionem,
558 1178 656 1227 Seneca
668 1175 751 1225 fratria
760 1181 842 1222 morte
851 1165 989 1234 pavidum,
1002 1173 1032 1211 et

118 1267 167 1315 pro
187 1252 232 1300 sud
250 1252 426 1301 incolumitate
447 1250 603 1316 supplicem,
622 1247 747 1315 increpuit
764 1244 876 1292 Salienus
893 1238 1033 1298 Clemens,

76 1322 83 1332 ¹
119 1327 222 1381 hostem
234 1338 261 1378 el
270 1330 437 1394 parricidam
447 1341 540 1375 vocans
553 1344 558 1373 :
575 1325 657 1376 donec
671 1335 793 1386 consensu
806 1326 905 1383 patrum
918 1308 1033 1368 deterri·

120 1411 162 1450 tus
171 1414 225 1462 eat,
243 1418 296 1452 une
305 1403 412 1469 publicis
422 1402 494 1451 malis
502 1401 572 1449 abuti
584 1400 785 1452 adoreasionem
793 1389 886 1459 priuati
895 1382 949 1434 odii
958 1381 1033 1432 vide·

118 1485 204 1533 retur,
216 1492 265 1523 neu
281 1477 438 1541 composita,
453 1485 497 1523 aut
509 1473 668 1531 oblitterata,
682 1463 876 1520 mansuetudine
890 1456 1034 1525 principis,

119 1561 213 1595 tauram
223 1544 254 1592 ad
263 1550 382 1594 saevitiam
392 1546 561 1593 retraberetn.

153 1615 270 1668 LXXIV.
286 1617 351 1663 Tum
369 1615 468 1664 decreta
488 1613 591 1667 adona,
610 1622 636 1658 et
651 1621 734 1674 grates
753 1607 828 1656 deisa
841 1605 1035 1659 decernuntur,

109 1689 311 1755 'apropriurque
328 1686 408 1734 honos
419 1684 484 1742 Soli,
496 1683 538 1729 cui
553 1693 592 1729 est
606 1691 678 1727 retus
693 1679 758 1727 aeder
771 1676 844 1743 apud
864 1676 980 1729 Circum,
1002 1672 1034 1720 in

119 1777 170 1826 quo
179 1758 273 1807 facinus
284 1758 430 1823 parabatur,
440 1757 485 1820 qui
495 1755 595 1803 occulta
605 1751 787 1814 conjurationis
794 1744 1035 1809 ,nominaremu-

119 1845 157 1884 ret
173 1850 179 1880 :
197 1842 274 1895 utque
291 1832 447 1882 Circensium
468 1829 610 1880 Cerealium
624 1824 754 1875 ludicrum
771 1821 886 1889 pluribus
899 1821 1030 1880 equorum

120 1904 235 1957 cursibus
250 1906 420 1954 celebraretur
436 1923 442 1954 r
456 1904 600 1967 mensisque
615 1900 710 1967 Aprilis
723 1896 856 1952 Neronia,
868 1889 1033 1955 cognomen-

120 1995 175 2032 tum
187 1981 325 2046 acciperet:
336 1980 460 2044 ternplum
468 1978 548 2030 Saluti
560 1984 746 2034 exstrueretur,
756 1968 786 2019 ed
794 1970 844 2018 loei
853 2004 859 2022 ‚
867 1982 897 2014 ax
908 1980 958 2027 quo
967 1961 1035 2011 Soe-

121 2057 196 2105 rinus
207 2054 301 2105 lerrum
311 2063 467 2120 prompserat
476 2068 501 2100 a.
513 2050 571 2115 lpse
582 2064 640 2097 eum
653 2046 788 2112 pugionem
798 2038 866 2107 apud
877 2036 1035 2113 Capitolium

122 2130 244 2187 sacravit,
253 2128 428 2192 inscripsitque
439 2125 498 2173 Jovr
506 2134 624 2170 vtrtntct.
633 2118 662 2167 In
673 2132 781 2183 praesens
789 2111 856 2162 baud
865 2106 1034 2157 animadver-

81 2205 87 2212 '
122 2217 179 2250 sum
188 2223 195 2264 3
204 2210 262 2265 post
270 2215 338 2247 arma
348 2198 409 2245 Iulii
416 2195 546 2254 Vindicis,
555 2192 588 2241 ad
600 2191 739 2257 auspicium
750 2199 776 2236 et
785 2182 932 2252 presagium
941 2180 1033 2229 lutura

121 2273 228 2321 ultionis
238 2269 395 2318 trahebatur.
409 2266 519 2332 Reperio
532 2267 558 2313 iu
572 2261 760 2313 commentariis
773 2255 888 2316 senatur,
902 2253 1033 2303 Cerialem

120 2342 254 2401 Anicium,
263 2340 394 2389 consulem
403 2338 562 2401 designatum
570 2373 579 2397 ,
591 2351 639 2402 pro
651 2331 775 2391 sententid
783 2328 893 2389 diritae,
904 2338 952 2375 uut
959 2337 1035 2373 tem·

121 2417 192 2484 plum
206 2414 266 2462 divo
276 2412 370 2462 Neroni
380 2408 456 2475 quim
466 2408 613 2458 maturriml
625 2399 727 2473 {rabbei
743 2401 849 2471 pecunia
861 2409 1033 2466 ponereturu.

72 2513 75 2517 ·
123 2487 201 2556 Quod
207 2485 310 2553 quidem
317 2486 359 2533 ille
367 2481 529 2540 decernebat,
538 2492 658 2545 tanquam
667 2478 775 2527 mortale
784 2474 911 2540 fastigium
921 2485 1032 2535 egresso,

124 2575 151 2614 et
165 2562 352 2611 venerationem
363 2556 497 2606 hominurn
506 2554 596 2603 merito
607 2572 613 2601 ι
624 2552 692 2619 quod
702 2550 734 2599 ad
746 2551 831 2600 omina
842 2546 903 2595 olim
914 2543 964 2592 auia
974 2542 1037 2588 eri·

94 2636 98 2645 ”
123 2635 165 2685 tias
173 2647 325 2685 verteretur:
339 2649 397 2704 nam
408 2629 484 2679 delrm
493 2629 575 2680 bonor
581 2629 691 2697 principi
699 2643 751 2677 non
761 2623 818 2675 autb
829 2621 943 2675 habetur,
954 2612 1032 2681 quim

127 2726 199 2776 agere
210 2712 277 2784 iuter
288 2708 403 2759 homines
417 2707 526 2756 desierit.

126 2854 1031 2899 mmmmmmsmmmmmwwwffl

259 2990 592 3074 ANNALIUM
624 2987 734 3070 LIB.
762 2981 891 3067 XVI.

128 3186 221 3235 Neroni
231 3183 313 3228 illudit
322 3182 427 3239 sartura
433 3194 479 3238 per
484 3183 600 3233 Bassum,
613 3184 655 3239 qui
664 3180 803 3224 thesaurum
812 3179 929 3234 reperiere
938 3176 1033 3220 eredlrr

153 3258 209 3288 eum
217 3244 382 3297 Nerofrustrd
389 3244 483 3300 querit.
493 3242 600 3286 Lustralt'
608 3244 741 3286 certamine
749 3241 815 3283 canit
820 3270 828 3291 ,
838 3238 925 3289 magna
933 3237 1036 3292 ardur-

137 3341 141 3352 ,
155 3317 208 3348 rum
217 3304 344 3354 molestia',
354 3312 376 3345 et
391 3303 416 3346 V
414 3304 534 3358 aspasiam·
540 3301 658 3355 pert'culo.
668 3302 778 3357 Poppoeoe
792 3311 871 3354 mora,
886 3306 909 3341 ct
920 3297 1025 3343 laudatio

146 3364 269 3421 funebris.
277 3363 391 3420 cassius,
402 3362 500 3408 Silanus
509 3370 532 3407 et
540 3359 634 3417 Lepida
650 3364 686 3407 rer·
692 3393 700 3418 ,
710 3363 865 3408 metuantur.
879 3360 957 3406 strant
962 3391 971 3417 ,
979 3356 1030 3404 Vs·
