2234 3817
132 89 182 158 ²7⁸
450 97 474 134 c.
490 94 584 132 conr.
602 95 718 136 racrrr
941 57 953 78 ⁸

133 191 224 251 gerunt
232 179 343 247 species:
355 178 437 228 hiems
450 190 474 226 et
483 195 526 227 ver
537 191 563 227 et
571 190 641 229 aretas
649 178 807 230 intellectum
816 193 845 228 ac
857 176 981 240 rocahula
989 179 1044 250 lra-⁸

132 256 195 307 hent
208 277 212 285 ·
228 255 342 302 autumni
353 249 455 318 perinde
467 269 559 300 nomen
573 268 602 299 ac
614 253 681 314 hona
691 254 849 317 ignorantur.
906 267 911 276 ¹

166 330 274 379 xxvtt.
287 327 413 376 Funerum
424 326 492 374 nulla
503 327 627 375 ambitio:
641 325 667 374 id
676 327 758 374 solum
768 327 930 389 observatur,
941 342 970 378 ut
979 345 1043 380 eor-

134 419 195 469 pora
204 404 328 452 clarorum
335 401 447 448 virorum
453 401 527 448 certia
533 401 1043 465 ligniacreme‘utur.Struemrogineovec·

134 468 216 519 tibur.
235 483 282 515 nec
297 465 418 514 odoribus
435 467 583 534 cumulant:
605 483 648 515 aua
661 469 751 531 cuique
771 484 851 522 arura,
870 469 1040 530 quorumdam

134 541 186 605 igni
198 551 222 587 et
234 556 312 603 equus
321 538 445 601 adjicitur.
456 537 605 605 Sepulcrum
617 555 702 606 cespes
713 541 797 605 erigit.
809 540 1039 590 Monumentorum

134 613 240 662 arduum
248 621 272 659 et
278 628 412 677 operosum
419 609 1038 678 honorem,urgravemdefunctiamdsperuantur.

131 683 251 736 Lamenta
260 702 288 733 ac
296 686 421 751 lacrymas
429 683 479 733 citd
487 707 493 747 ;
500 684 616 733 dolorem
624 697 650 734 ot
657 685 788 735 tristitiam
796 686 866 735 tarde
872 699 980 752 ponunt.
987 688 1038 737 Fe·

87 779 93 791 .
131 758 207 805 minis
215 759 301 823 lugere
313 757 446 818 lipnertum
454 768 507 823 ert3
519 756 580 805 viria
592 758 745 806 meminisse.
757 757 850 807 Haecin
860 774 995 808 commune
1003 758 1037 807 de

130 831 246 880 omnium
258 832 443 879 Germanorum
457 831 553 896 origine
565 826 594 879 ac
608 830 720 878 moribus
729 833 887 896 accepimus:
899 846 967 878 nunc
980 831 1038 880 rin·

130 905 246 970 gularum
256 906 369 968 gentium
382 904 495 952 instituta
509 905 633 968 titusque,
648 903 774 969 quatenus
785 904 915 968 differant3
925 921 980 969 quae
989 923 1037 954 na·

129 979 212 1028 tiones
225 979 238 1026 ὲ
250 978 386 1027 Germanii
396 980 422 1026 in
436 978 531 1027 Galliae
543 979 782 1045 commigraverint,
795 980 936 1046 expediam.

159 1052 283 1101 XXVIII.
295 1052 436 1101 Validiores
449 1054 509 1101 olim
524 1050 656 1100 Gallorum
668 1070 708 1102 res
725 1052 801 1104 iniere
816 1070 931 1103 summus
943 1064 1035 1102 aucto·

128 1140 184 1172 rum
202 1124 368 1173 dirualulius
387 1123 462 1172 tradit
482 1141 488 1173 ι
508 1128 586 1187 eoque
606 1125 726 1174 credibile
746 1138 798 1183 ert,
815 1127 891 1174 etiam
907 1127 992 1178 Gallos
1008 1127 1036 1174 in

128 1196 290 1252 Germaniam
304 1212 482 1264 transgressor.
496 1200 653 1261 Quantulum
665 1201 733 1249 enim
744 1201 824 1249 anmir
835 1201 948 1249 obstabat
957 1236 964 1257 ,
972 1216 1037 1264 quo·

127 1271 225 1334 mimir,
240 1284 268 1324 ut
282 1288 385 1337 quaque
396 1289 456 1336 gens
468 1273 596 1320 evaluerat
605 1287 763 1341 ,occuparet
773 1285 974 1344 permutaretque
991 1286 1034 1320 ae-

126 1341 170 1390 der
182 1346 336 1409 promiscuas
345 1345 427 1392 adhuc
438 1380 444 1400 ,
456 1354 481 1390 et
493 1345 563 1391 nulla
576 1363 715 1412 regnorum
728 1345 842 1415 potentii
854 1344 963 1395 divisae?
978 1345 1033 1409 Igi-

126 1424 167 1462 tur
179 1417 243 1465 inter
257 1418 406 1485 Hercyniam
416 1418 507 1466 silvam
518 1454 524 1474 ,
538 1416 708 1487 Rhenumque
718 1434 744 1470 et
751 1419 864 1472 Moenum
872 1436 958 1467 amuea
968 1420 1040 1469 Heli

125 1488 199 1551 retii,
211 1491 329 1539 ulteriora
339 1491 408 1547 Boii,
420 1488 515 1537 Gallica
523 1503 630 1557 utraque
640 1512 716 1561 gene,
726 1493 836 1544 tenuere.
849 1489 936 1539 Manet
948 1492 1033 1541 adhuc

125 1557 229 1614 Boiemi
243 1561 349 1620 nomen,
367 1563 538 1630 significatque
551 1566 601 1614 loci
618 1580 728 1617 veterem
740 1565 903 1619 memoriam,
916 1566 1033 1630 quamvie

124 1637 230 1685 mutatio
243 1636 390 1685 cultoribus.
405 1636 456 1683 Sed
468 1649 554 1686 utrum
570 1637 683 1688 Aravisci
701 1640 725 1686 in
736 1638 892 1685 Pannoniam
909 1638 941 1685 ab
956 1637 1031 1703 Gaia,

125 1705 309 1756 Gernraoorum
321 1707 438 1766 natione,
451 1726 483 1757 an
501 1711 545 1760 Oai
557 1712 588 1760 ab
603 1711 726 1759 Araviscis
740 1710 765 1756 in
779 1710 941 1756 Germaniam
953 1726 1031 1757 com-

124 1782 297 1844 migraverint,
314 1795 392 1843 quum
409 1781 504 1831 eodem
518 1783 598 1832 adlme
613 1795 740 1835 sermone,
758 1781 894 1836 institutis,
910 1782 1029 1831 moribus

124 1863 241 1910 utantur,
252 1853 376 1901 incertum
386 1865 425 1902 eet
436 1873 442 1903 :
455 1860 514 1921 quia
524 1856 575 1922 pari
587 1852 648 1899 olim
658 1852 743 1917 iuopia
754 1868 782 1900 ac
792 1854 922 1913 libertate,
935 1851 1028 1901 eadem

124 1929 253 1989 utriusque
270 1929 329 1991 ripae
347 1928 414 1975 bona
430 1930 542 1993 malaque
554 1925 750 1974 eranust'revert
765 1939 792 1976 et
803 1925 891 1977 Nervii
905 1928 970 1974 circa
985 1926 1028 1976 al'·

123 1997 282 2048 ferrationem
300 2001 459 2051 Germanicae
477 2000 575 2064 originis
588 1998 657 2048 ultrd
675 2001 805 2049 ambitioni
819 2013 890 2057 runt,
906 2012 1027 2064 tauquam

121 2089 168 2140 per
183 2072 246 2121 hanc
258 2074 365 2137 gloriam
384 2077 524 2142 sanguinii,
539 2071 554 2120 t
566 2073 732 2123 similitudine
746 2088 773 2124 et
790 2074 879 2124 inertil
893 2074 1027 2123 Gallorum

124 2157 279 2211 reparentur.
293 2145 382 2213 lpaam·
391 2148 471 2197 Rheni
484 2144 566 2210 ripam
579 2144 648 2194 lraud
659 2147 734 2196 dubie
744 2151 929 2214 Germanorum
938 2146 1028 2213 populi

122 2219 209 2267 colunt
220 2254 225 2269 .
238 2218 399 2283 Vangiones,
410 2218 524 2279 Triboci,
542 2217 675 2270 Nemetes.
692 2221 730 2269 Na
743 2222 803 2269 Ubii
814 2218 932 2285 quidem,
942 2236 1026 2283 quan-

120 2303 195 2351 quam
204 2291 319 2341 Romana
328 2295 424 2343 colonia
435 2307 487 2338 aare
498 2290 651 2351 meruerint,
666 2307 694 2339 ac
704 2289 824 2341 lihe'nur'rr
833 2292 1027 2362 Agrippinen-

120 2378 161 2411 aes
175 2362 317 2416 conditoria
332 2368 372 2417 aui
387 2363 488 2413 nomine
502 2375 640 2421 vocentur,
653 2364 750 2428 origiue
763 2365 925 2425 erchenmar,
939 2379 1026 2415 tranr-

120 2436 199 2498 srersi
209 2437 285 2495 olim,
298 2453 323 2488 et
332 2436 499 2503 experimento
509 2434 567 2480 fidei
578 2451 654 2498 nuper
664 2439 743 2501 ipram
756 2437 838 2486 Rheni
848 2440 931 2504 ripam
940 2441 1026 2488 eollo-

120 2510 168 2556 cati
180 2546 185 2564 ,
197 2521 225 2558 ut
233 2522 359 2567 arcerent,
374 2522 422 2553 non
433 2516 460 2551 ut
470 2495 668 2555 custodirentur.
714 2537 716 2542 >

151 2580 253 2630 XXIX.
267 2583 381 2632 Omnium
395 2576 485 2623 harum
495 2580 609 2641 gentium
623 2581 718 2629 virtute
726 2583 848 2648 precipui
857 2583 960 2642 Batavi,
971 2601 1023 2632 uon

118 2654 226 2703 multum
247 2673 276 2705 er
293 2650 358 2716 ripa,
376 2649 422 2697 aed
442 2650 552 2699 insulam
573 2652 656 2701 Rheni
672 2657 753 2716 amnia
772 2656 873 2712 colunt,
890 2657 1023 2705 Cattorum

118 2727 244 2790 quondam
262 2724 383 2792 populus,
401 2734 428 2772 et
445 2723 573 2773 reditione
594 2724 734 2775 domenticd
753 2731 778 2776 in
796 2745 838 2777 ear
852 2729 923 2777 aeder
939 2742 1023 2777 trana-

117 2814 229 2865 grerrm,
242 2803 267 2848 in
277 2799 372 2861 quibua¹
381 2814 440 2863 parc
453 2798 561 2846 Romani
574 2801 673 2864 imperii
682 2801 778 2851 fierent.
793 2803 878 2851 Manet
891 2801 970 2849 honor
979 2838 986 2858 ,
995 2813 1021 2849 et

64 2890 70 2894 ·
119 2874 225 2937 antiquar
237 2871 363 2921 societatis
376 2873 488 2933 insigner
509 2889 567 2920 narn
581 2889 626 2920 nec
638 2874 738 2921 tributii
751 2886 963 2935 contemnuntur,
974 2891 1022 2922 nec

119 2948 265 3009 publicanus
278 2945 361 2993 atterit
372 2949 500 3008 :exempti
513 2946 633 2995 oneribus
645 2959 671 2994 et
680 2950 869 3005 collationihur,
882 2960 907 2994 et
919 2946 1019 2995 tantum

117 3020 142 3066 iu
153 3037 226 3068 urum
235 3018 378 3082 praeliorum
391 3018 511 3081 repositi,
524 3019 594 3065 relut
606 3022 654 3068 tela
667 3032 743 3084 atque
751 3040 832 3074 arma.
844 3019 915 3067 hellis
931 3034 1016 3068 reser-

117 3104 215 3141 vantur.
232 3091 276 3138 Ert
293 3090 318 3135 iu
338 3088 426 3136 eodem
444 3090 566 3153 obsequio
585 3104 609 3139 et
626 3087 799 3156 Mattiacorum
817 3109 885 3158 geue.
904 3094 1018 3143 Protulit

116 3165 184 3211 enim
194 3159 340 3225 magnitudo
350 3162 438 3227 populi
456 3161 561 3211 Romani
572 3166 637 3212 ultra
651 3168 767 3215 Rhenum
777 3204 783 3225 ,
794 3169 909 3231 ultraque
919 3179 1021 3234 veteres¹

117 3232 237 3282 termirioa
253 3235 351 3299 imperii
368 3240 543 3286 reverentiam.
565 3239 602 3286 lta
614 3233 672 3287 rede
689 3229 829 3304 'finibusque
843 3242 867 3286 iu
885 3241 928 3288 aui
945 3243 1014 3307 ripi,

115 3317 200 3356 mente
217 3305 353 3374 animoque
370 3309 504 3361 nobiscum
520 3321 612 3379 agunt,
627 3324 710 3364 cetera
725 3314 819 3364 ainriles
836 3314 950 3376 Bataui,
969 3316 1017 3364 uiti

842 3489 852 3516 Ι
