2234 3817
59 161 64 170 “
123 159 175 222 aia
436 178 461 216 c.
482 150 576 216 ioue.
598 175 721 220 iactr-r

126 277 171 310 uae
180 257 355 312 circumsideri
370 261 522 330 :emitteret
535 260 621 326 potiris
635 260 808 318 obsidionem,
824 267 870 309 aut
881 273 909 310 se
926 274 1031 326 quoqne

119 335 152 383 in
165 350 225 399 egro
234 325 319 385 boatili
327 345 406 383 castra
416 335 558 399 positurum
565 352 591 384 u.
602 336 735 399 Casperius
746 334 875 392 centurio,
886 334 913 383 in
922 349 978 383 eam
989 336 1035 383 le-

124 409 251 472 gationem
269 406 394 465 delectus,
412 406 479 471 apud
495 406 618 472 oppidum
631 406 751 471 Nisibin,
769 417 866 471 septem
881 417 907 454 et
922 407 1032 473 triginta

123 481 238 530 millibua
246 494 364 546 passuum
371 478 387 527 i
395 478 576 544 Tigranocerti
586 478 721 528 distantem
730 515 737 537 ,
746 477 810 528 adiit
817 493 915 541 regem,
925 490 951 528 et
957 494 1033 529 man·

123 553 182 605 data
195 555 310 608 ferociter
324 552 414 603 edidit.
436 554 555 621 Vologesi
573 566 647 604 vetus
663 541 690 605 ἃ
706 553 809 620 penitba
830 554 936 603 infixum
956 566 1032 607 erate
1085 563 1090 572 “

123 643 193 692 arma
202 629 314 677 Romana
327 626 441 676 vitandi:
456 644 503 677 nec
514 631 645 695 prasentia
654 628 773 695 prosperi
784 627 913 676 tinebant:
929 629 1031 678 irritum

121 699 264 750 obsidium:
278 710 348 749 tutus
360 717 437 749 manu
449 713 475 750 et
484 703 566 766 copiis
578 701 700 766 Tigranes
712 718 719 751 ε
736 700 828 767 legati,
841 702 1032 767 qui‘erpugna·

120 773 217 822 tionem
235 784 412 839 sumpserant:
424 776 504 823 miseae
519 776 546 824 in
560 774 710 824 Armeniam
725 774 839 840 legiones
856 783 864 823 ἰ
879 785 905 822 et
916 776 968 823 ulia
980 791 1028 841 pro

115 844 206 910 ,syrim
217 858 308 912 parata
322 848 391 895 ultro
406 846 546 913 irrumpere
562 864 569 893 t
583 847 632 896 eibi
643 846 801 896 imbecillum
820 847 930 911 equitem
941 847 1030 914 pabuli

88 949 91 955 ·
119 917 219 983 inopiis:
228 935 287 967 nam
297 929 382 967 exorta
393 919 431 968 vis
439 917 872 984 locustarumambederatquidquid
880 918 1029 977 herbidum,

120 1000 165 1037 aut
173 989 331 1040 liundorum.
341 989 432 1056 Igitur,
442 1004 517 1044 metu
524 993 655 1051 abstruso,
667 992 768 1041 mitiora
777 990 930 1050 obtendens,
941 1009 956 1041 ι(
964 994 1029 1042 mis·

120 1079 209 1113 surum
221 1064 254 1113 ad
271 1066 452 1129 imperatorem
466 1067 610 1116 Romanum
627 1064 740 1130 lagatos,
756 1080 831 1130 anper
846 1063 954 1130 petendi
975 1067 1026 1114 Ar·

118 1137 216 1198 meoli,
230 1147 255 1187 et
268 1135 390 1185 firmandi
403 1152 485 1203 pace»
499 1174 507 1201 ,
524 1136 669 1203 respondet.
682 1134 807 1188 Monesen
826 1133 966 1189 comittere
976 1138 1024 1190 Ti·

117 1205 285 1277 granocertir
297 1208 385 1274 jubet3
396 1209 449 1274 ipse
459 1208 529 1258 retro
540 1209 667 1259 concedit.

149 1279 196 1330 vl.
211 1282 269 1331 Hac
280 1281 378 1346 plures,
391 1292 421 1329 ut
430 1282 588 1332 «formidine
598 1284 677 1350 regis,
693 1296 718 1335 et
727 1284 878 1344 Corbulonis
890 1283 968 1333 minis
976 1293 1025 1347 pa·

117 1363 182 1402 trata
191 1354 342 1419 magnificia
356 1356 522 1405 eitollebant.
532 1356 587 1406 Alii
604 1374 619 1406 e
629 1353 730 1409 occulti
738 1358 860 1426 pepigisse
869 1375 885 1406 u
898 1358 1025 1420 interpre-

118 1426 236 1475 tabantur
250 1445 258 1492 3
274 1445 289 1475 u
297 1438 326 1476 ut
336 1427 572 1491 omisso-utrimque
579 1429 664 1489 bello,
675 1444 702 1480 et
710 1433 818 1480 abeunte
828 1432 953 1496 Vologese
962 1463 968 1486 ,
978 1428 1026 1477 Ti·

117 1513 205 1564 qrauea
219 1512 320 1560 quoque
330 1497 452 1547 Armenii
462 1497 618 1562 abscederet.
630 1501 683 1548 Cur
696 1502 764 1549 enim
778 1501 1023 1552 exercitum-Roma-

115 1586 177 1620 num
186 1568 200 1618 i
208 1569 392 1633 Tigranocertis
404 1568 563 1619 deductum?
573 1587 619 1630 cur
627 1571 725 1622 decerta
735 1589 782 1638 per
793 1575 883 1633 ouum,
891 1590 946 1639 quas
952 1574 1022 1622 bello

116 1639 348 1692 defenderentur
369 1639 460 1688 melitis
480 1641 651 1691 hibernavisse
670 1646 696 1692 iu
717 1647 830 1696 extremi
847 1646 1020 1713 Cappadocii,

115 1716 206 1781 raptim
214 1714 303 1762 erectis
312 1713 435 1776 tuguriis,
446 1709 519 1774 quim
530 1712 557 1760 in
568 1712 628 1762 sede
638 1718 708 1781 requi
717 1717 795 1766 modd
807 1717 922 1767 retenti?
937 1717 1021 1767 Dilata

114 1802 217 1854 prorsus
228 1801 312 1842 artua,
327 1795 356 1833 ut
369 1785 507 1850 Vologeses
522 1801 582 1834 cum
601 1786 651 1836 alio
659 1824 666 1849 ,
686 1789 763 1854 quim
780 1806 839 1839 cum
856 1783 1020 1849 corbulone,

114 1870 237 1909 certaret:
253 1857 364 1908 Corbulo
374 1860 469 1906 meritae
480 1871 520 1907 tot
532 1876 579 1925 per
590 1863 763 1928 annosgloriu
773 1879 824 1912 non
836 1860 901 1912 altri
913 1865 1020 1928 pericu·-

113 1933 169 1981 lum
179 1931 271 1980 laceret
278 1948 304 1980 u.
315 1930 398 1989 Nam,
411 1943 440 1980 ut
449 1935 536 1993 retuli,
546 1936 677 1999 proprium
685 1934 776 1984 ducem
783 1933 880 1984 tuendae
893 1933 1022 1983 Armeniae

114 2016 282 2071 pepercerat,
298 2016 325 2054 et
336 2003 472 2054 adventare
489 2006 634 2057 Cnsenuiue
647 2007 730 2057 Putas
741 2006 889 2057 audiebatur
902 2023 908 2054 :
920 2006 1020 2070 jamque

115 2077 215 2140 aderat,
225 2076 305 2141 copiis
319 2074 467 2140 indivisis,
480 2090 509 2128 ut
523 2093 611 2143 quarta
622 2092 649 2132 et
663 2077 813 2131 duodecime
827 2080 956 2147 legiones,
973 2076 1020 2126 ad·

115 2150 170 2200 dut
178 2150 267 2215 quinti
276 2185 284 2209 ,
294 2166 349 2215 que
360 2150 447 2201 raedas
458 2152 472 2199 i
483 2153 569 2202 Moesia
586 2155 668 2204 excita
684 2165 753 2215 erat,
770 2150 855 2202 simul'
861 2152 982 2216 Pontica,
994 2160 1019 2199 et

116 2222 264 2272 Galatarum
272 2221 500 2289 Cappadocumque
506 2227 599 2274 auxilia
607 2226 675 2275 Peto
683 2228 829 2276 obedirent:
836 2227 909 2275 tertia
918 2234 1022 2274 etsexta

115 2305 147 2355 et*
155 2295 252 2342 decima
257 2294 369 2357 legiones
377 2328 384 2350 ‚
395 2296 512 2359 priorque
518 2297 597 2361 Syrie
603 2295 694 2354 miles,
703 2298 952 2363 apudcoebulonem
960 2311 1023 2345 rna-⁸

114 2375 213 2413 nerent.
223 2363 314 2412 Cetera
325 2379 355 2412 ex
364 2378 450 2412 rerum
459 2366 656 2430 renunciarent,
668 2370 865 2432 partirenturre.
877 2367 927 2417 Sed
936 2383 1018 2431 neque

115 2436 228 2490 Corbulo
238 2436 323 2485 emuli
333 2437 447 2503 patirum
462 2447 489 2484 et
503 2436 599 2501 Paetus,
615 2443 657 2487 cul
671 2441 731 2489 satis
747 2441 779 2490 ad
790 2441 897 2506 gloriam
911 2450 980 2497 erat,
994 2442 1017 2489 si

116 2511 248 2579 prosimus
258 2508 410 2568 baberetur,
426 2508 579 2574 despiciebat
589 2512 767 2577 geeta,unilail
778 2511 851 2562 cadis
859 2523 905 2561 aut
914 2511 1015 2578 prada,

115 2595 248 2653 usurpatas
255 2585 358 2634 nomine
365 2594 439 2632 tenus
445 2583 547 2632 urbium
552 2587 774 2652 expugnationes»
784 2586 966 2647 dictitans‚ese
975 2587 1019 2635 tri·

115 2660 178 2709 buta
190 2677 218 2709 ae
229 2661 312 2728 leges,
330 2670 369 2724 et,
382 2675 431 2728 pro
441 2659 532 2711 umbri
542 2660 624 2734 regia,
635 2659 779 2712 Romanum
793 2661 833 2728 jus
842 2659 921 2711 'victis
932 2664 1016 2728 impo-

115 2746 259 2784 stturrmau.

43 2815 46 2820 '
147 2805 207 2855 vlt.
229 2807 281 2855 Sub
300 2807 368 2856 idem
381 2818 480 2874 tempus
496 2806 574 2872 legati
582 2808 729 2875 Vologesis,
744 2826 808 2875 quos
825 2808 856 2860 ad
873 2808 1014 2877 principem

114 2877 206 2927 missos
217 2880 370 2941 memoravi,
380 2882 508 2930 revertere
519 2883 584 2931 irriti
595 2900 602 2931 τ
617 2884 762 2948 bellumque
779 2877 906 2950 propalim
923 2897 1013 2945 sump-

114 2960 169 2996 tum
184 2948 199 2995 i
216 2949 315 2998 Parthia
330 2963 335 2998 :·
356 2967 403 2999 nec
420 2952 502 3000 Partus
512 2953 679 3018 detrectarit,
697 2954 741 3007 sed
752 2955 847 3008 duabus
857 2955 1010 3019 legionibus,

111 3023 218 3085 quarum
227 3033 342 3084 quartam
353 3022 521 3074 Funisulanus
530 3028 698 3082 Vettoniauua
706 3047 739 3080 eo
747 3031 906 3094 intempore,
918 3026 1010 3076 duode-

111 3091 204 3141 cimam
215 3091 332 3142 Calavius
338 3092 444 3143 Sabinus
454 3097 588 3161 regebant,
597 3102 742 3152 Armeniam
748 3103 834 3160 intrat,
844 3100 909 3149 tristi
917 3102 1010 3148 omine.
1024 3159 1030 3165 .

111 3164 216 3217 Nam-in
232 3174 384 3231 transgressu
392 3165 542 3233 Euphratis,
554 3188 630 3235 quem
640 3187 718 3240 ponte
733 3161 1011 3232 transmittebat,uulld

113 3237 197 3304 palam
209 3238 297 3303 cauci,
311 3240 427 3290 turbatus
438 3242 530 3307 e'quus3
547 3247 591 3310 qui
602 3250 742 3299 coasrrlaiia
759 3250 864 3315 insignia
883 3249 1011 3314 gestabat,

112 3308 181 3358 retrd
191 3311 281 3359 erasit.
297 3312 451 3377 lloatiaque,
465 3332 520 3379 quaa
535 3320 914 3383 muniebantur,·hiberuaculis
930 3322 1011 3369 adsis-

115 3387 187 3444 lw,
196 3383 323 3436 semifacta
333 3400 409 3453 opera
422 3386 479 3454 tuga
491 3394 623 3459 perrupit,
636 3411 711 3463 seque
723 3397 790 3448 sallo
797 3431 807 3460 ,
815 3396 920 3447 extulit:
930 3405 955 3444 et
963 3394 1015 3460 pila
