2234 3817
359 207 538 252 truantur
563 208 624 248 ars.
652 204 699 249 1'1.
832 203 836 209 '
886 188 994 276 ‘tlt
1062 247 1065 257 ,

79 293 149 347 lateri
159 331 167 354 ,
177 291 337 359 gloriamque
351 289 468 340 facinoris
482 291 549 340 nltrls
564 302 650 357 petere
661 309 667 339 ι
678 291 775 341 clarum
785 306 858 346 exeo
870 298 897 345 in
909 298 988 358 urbe,

80 369 156 420 diditi
170 384 217 434 per
232 367 376 434 provintias
385 364 467 427 lami,
476 367 621 431 paterniter
630 365 664 415 ad
672 367 987 443 Gerounitosexercitusj

79 443 180 510 quandb
196 444 297 506 genitus
311 441 417 493 Viennte
426 476 435 499 ,
452 441 590 505 minusque
606 451 633 489 et
651 441 740 491 ralitlis
758 445 989 510 propinquitatibus

78 507 217 575 subnixus,
238 516 341 563 turbare
362 515 469 579 gentiles
491 509 608 562 nationes
627 526 775 581 proruptum
795 516 933 569 haberet».
953 519 991 571 At

76 589 216 650 Claudius,
226 588 290 638 nibil
300 587 368 651 nitri
378 598 503 639 scrutatus
512 623 520 646 ,
529 588 654 649 uitiatum
666 589 805 648 militibus,
813 603 936 656 tanquam
941 609 991 659 op·

80 656 222 730 primentii?
229 662 309 720 bello,
323 661 465 726 Crispinum
478 660 588 726 praetorii
600 662 743 726 prefectum
756 665 843 712 misit:
857 665 933 731 ‘aquo
944 683 990 717 re·

82 746 174 806 pertus
183 747 221 784 est
230 730 394 800 aputanti,
403 735 544 799 uteunque
557 733 659 789 inditis.
674 736 699 784 in
713 733 799 784 urbam
810 748 907 802 raptus.

4 874 6 877 ι
116 808 153 857 ll.
170 808 255 873 Neque
269 807 328 858 (lata
337 807 440 858 senatuis
454 811 543 875 copia:
556 809 622 856 intra
632 808 778 857 cubiculum
789 809 907 874 auditur,
919 811 991 861 Met-

83 881 163 939 taliui
173 898 272 943 coram,
283 894 310 932 et
321 883 404 931 Suilio
412 899 429 930 u
436 885 626 948 corruptionem
640 882 764 940 rnilitum,
774 899 839 947 quos
850 883 956 949 pecuniis
965 895 993 934 et

82 966 172 1022 stupro
183 956 211 1005 ita
222 958 293 1004 nntni
307 956 408 1025 tlagitin¹
416 956 573 1004 obstrictos»
592 955 729 1018 arguebat,
740 955 798 1003 etin
815 973 832 1004 s
841 955 993 1006 adulterium

81 1030 231 1097 Poppaea
248 1046 278 1078 ac
290 1026 449 1096 postremum
468 1029 627 1078 emollitiam
643 1030 776 1094 corporis»
788 1029 946 1099 objectentur
961 1030 994 1080 etl

83 1105 151 1169 quod
162 1108 231 1153 victo
241 1105 356 1164 silentio,
371 1104 491 1172 prorupit
500 1119 573 1161 reus,
583 1113 646 1162 et‚u
654 1104 795 1169 interroga,
808 1106 902 1168 inquit,
912 1105 977 1155 Suill
982 1142 993 1166 ,

81 1180 148 1231 ¹filios
160 1190 219 1245 tuse
232 1196 239 1226 t
252 1181 335 1229 airum
347 1197 389 1228 sne
403 1195 457 1228 esse
474 1178 620 1226 fatebuntur
629 1194 644 1224 s
657 1195 663 1225 t
677 1180 848 1243 ingressusque
867 1179 995 1229 defensio·

89 1255 420 1319 nemnsminotmpnm
426 1255 453 1301 in
459 1252 567 1302 modurn
576 1251 692 1309 Claudio,
699 1254 848 1301 Messalliuae
854 1271 953 1322 quoque
960 1257 996 1305 ta:

88 1343 188 1394 elymas
199 1328 306 1379 extitit:
318 1330 413 1395 quibus
424 1327 559 1377 abluendis
570 1328 688 1376 cubiculo
696 1327 825 1392 egrediens
835 1365 842 1389 ,
854 1345 940 1383 monet
948 1333 996 1381 Vi-

91 1401 201 1458 tellium,
211 1417 242 1450 ne
252 1401 314 1450 elabi
322 1419 395 1451 reum
405 1403 508 1452 sineret.
520 1401 618 1468 lpsa'sd
628 1389 765 1467 perniciefn
774 1392 885 1468 Poppaae
896 1404 998 1456 festinat

90 1471 201 1524 subditis
213 1509 219 1527 ,
235 1476 276 1539 qui
292 1487 387 1525 terrore
398 1477 505 1525 carceris
520 1472 553 1522 atl
568 1476 736 1535 voluntariam
749 1487 857 1523 mortem
868 1480 998 1544 propelle-

87 1559 161 1610 rent,
174 1547 238 1596 auen
252 1546 335 1614 ignaro
348 1550 441 1598 &aare
450 1560 604 1614 ,utpaucos
618 1559 677 1614 post
687 1549 756 1608 dies,
771 1551 915 1615 epulantem
927 1550 997 1618 apud

87 1637 116 1670 se
126 1620 248 1671 meritum
255 1623 309 1687 ejtts
316 1624 464 1690 Scipionem
474 1633 699 1689 percunctaretur,
709 1640 725 1671 u
733 1639 778 1672 cur
790 1625 844 1672 sine
854 1642 932 1674 uxore
942 1625 996 1676 dis-

86 1696 238 1746 annuissetis
248 1696 260 1746 Ρ
267 1708 345 1763 atque
352 1699 396 1746 ille
411 1695 545 1747 nlunctam
555 1695 629 1746 laton
649 1697 821 1763 responderet.

119 1772 169 1822 ΙΙΙ.
182 1770 233 1820 Sed
241 1770 396 1821 consultanti
407 1786 481 1837 snper
493 1772 652 1820 absolutione
665 1770 769 1819 Asiatici
780 1808 786 1828 ‚
796 1773 859 1819 lleus
867 1769 995 1837 Vitellius,

86 1846 286 1896 commemorati
304 1859 451 1897 «vetustate
469 1848 601 1906 amicitiae,
620 1856 698 1909 utque
719 1847 856 1895 Antoniam
875 1847 997 1913 principia

91 1932 197 1969 matrem
213 1922 315 1985 pariter·
325 1921 550 1970 observarissent»
566 1957 573 1977 ‚
590 1920 666 1977 dein,
686 1921 810 1984 percursis
825 1937 840 1965 «
849 1918 954 1968 Asiatici
970 1923 996 1970 itt

82 1994 276 2058 rempublicam
283 1994 387 2056 sobriis,
403 1996 550 2058 recentique
563 1994 681 2042 adsersus
701 1992 854 2040 Britanniam
872 1991 997 2058 militiis,

88 2078 198 2132 qunque
208 2065 256 2113 alis·
269 2066 431 2116 concilitudsr
450 2066 629 2115 misericordiae
644 2063 808 2122 videbantur,
826 2064 959 2111 olibetum
974 2065 998 2113 ei

89 2139 185 2190 mortis
203 2139 357 2188 arbitrium»
374 2142 493 2206 permisit
509 2159 515 2189 ε
531 2152 558 2189 et
572 2151 657 2188 secuta
673 2149 731 2185 sunt
748 2135 846 2211 Claudii
866 2137 956 2196 verba,
971 2137 998 2187 itt

88 2211 210 2263 eamdent
225 2213 394 2263 clementiam.
413 2216 583 2264 Hortantibus
598 2213 690 2264 debinc
699 2212 851 2278 quibusdam
865 2232 880 2263 u
889 2213 999 2264 inediam

90 2301 117 2338 et
128 2289 213 2337 lenstn
224 2290 336 2347 exitum,
350 2286 478 2338 tetltittere
494 2291 645 2339 beneficium
655 2306 670 2337 u
686 2289 808 2338 Asiaticus
820 2292 854 2338 ait
866 2306 872 2336 τ
885 2301 910 2338 et
921 2294 999 2340 usur·

89 2363 169 2428 paris,
182 2362 273 2426 quilius
287 2363 442 2421 insuerent,
454 2364 688 2422 exercitationibus,
707 2363 778 2411 lauto
791 2379 910 2428 corpore,
920 2362 998 2413 uitare

90 2435 223 2500 epulatus,
232 2450 312 2500 quum
321 2450 348 2481 se
364 2432 521 2484 «bonestitlr
537 2437 675 2485 calliditate
685 2436 796 2493 Tiberii,¹
807 2436 846 2483 rel
858 2438 953 2502 impetu
968 2436 997 2485 C.
1019 2438 1034 2450 “

91 2508 197 2558 Oaesaris
208 2511 375 2574 periturnmn
392 2507 495 2558 (linisset
504 2496 541 2567 ‚itt
552 2509 628 2575 quim
644 2508 715 2573 quod
730 2507 816 2557 fraude
831 2496 963 2566 muliebri,
973 2517 1000 2556 et

88 2582 224 2647 impudico
236 2582 338 2631 Vitellii
352 2597 395 2629 ore
409 2583 530 2631 caderet»
540 2620 546 2641 ‚
558 2599 634 2631 venas
644 2574 752 2629 extollit
765 2598 771 2626 :
784 2580 838 2628 viso
847 2591 932 2626 tamen
941 2579 1000 2627 tute

89 2668 157 2718 tngo
167 2691 174 2711 ‚
185 2654 303 2718 iussoque
314 2655 462 2704 «transferri
474 2669 575 2723 partem
586 2659 611 2702 in
622 2654 710 2714 aliam,
723 2669 754 2699 ne
762 2652 872 2714 opacitas
880 2652 1000 2702 arborum

93 2739 193 2790 uapore
203 2727 267 2790 ignis
278 2728 462 2778 minuereturs:
473 2741 573 2777 tantum
585 2728 622 2775 illi
632 2723 773 2774 securitatis
782 2725 923 2773 norissima
931 2724 989 2776 suit.

129 2800 177 2847 tv.
190 2799 322 2849 Vocantur
332 2816 388 2869 post
403 2805 455 2853 liae
468 2815 565 2870 patres,
580 2801 711 2867 pergitque
725 2799 818 2849 Suilius
833 2797 925 2865 addere
943 2815 1001 2849 rens

49 2882 55 2903 l
90 2872 195 2937 equites
205 2874 332 2924 Romanos
344 2878 469 2935 illustres,
479 2878 572 2942 quibua
582 2876 656 2923 Petra
668 2884 874 2939 cognomentum.
887 2873 919 2921 Et
927 2888 1001 2923 taust

90 2950 176 3010 uncis,
194 2947 266 3013 qubd
279 2949 383 3001 domum
396 2971 467 3002 suurn
481 2951 579 3001 Valerii
589 2962 615 2999 et
626 2948 737 3016 Poppteae
748 2946 923 3013 congressibus
938 2963 1002 3013 prae-

91 3021 210 3072 lsuissent
219 3041 226 3070 ε
236 3022 326 3074 vertitu
336 3039 487 3077 «nocturnae
497 3027 589 3091 quietis
598 3025 714 3091 species»
724 3022 911 3087 alteriobjecta,
923 3033 1001 3070 utan-

90 3110 170 3158 qnam
187 3097 293 3148 vidisset
307 3100 460 3158 Claudium,
476 3100 558 3168 spicari
576 3097 667 3148 coronal
685 3100 829 3156 evinctum,
845 3096 920 3162 spicis
931 3094 1000 3143 retrls

90 3170 225 3217 muressis
235 3189 241 3218 :
252 3171 332 3238 eique
346 3162 456 3239 ir'nngine
466 3176 615 3240 gravitatem
625 3187 729 3221 annonae
740 3171 873 3220 dixisset».
887 3166 998 3228 Quidam

88 3261 106 3291 n
113 3248 278 3309 pampineam
289 3264 412 3299 coronant
420 3249 564 3298 albentibus
574 3247 641 3296 loliis
652 3247 740 3309 risum,
749 3257 824 3309 atque
833 3244 867 3290 ita
874 3242 1001 3304 interpre-

85 3327 194 3367 tatum»
204 3317 375 3382 tradiditm
385 3335 500 3388 vergente
506 3333 628 3371 autumno
635 3331 744 3367 mortem
749 3317 871 3384 principis
878 3312 999 3362 ostendis

87 3389 160 3438 lllntl
173 3388 245 3439 bauti
257 3394 406 3459 ambigitur,
420 3397 596 3469 qualicumque
608 3394 733 3442 insomnio
745 3392 795 3455 ipsi
807 3388 927 3445 fratrique
940 3399 1000 3448 per·

84 3454 1000 3579 nicierpallatam.Sestertinmquindeoies,etinsigniaprgttqaecrlfltthw
