2234 3817
110 138 159 211 572
429 154 456 196 es,
470 145 564 194 coar.
582 148 698 194 sacras

109 234 347 303 ratisqueresillia,
359 251 452 285 nomen
467 235 580 288 Vitellii
588 235 791 302 proterentibus,
807 232 885 307 raptis
894 237 1031 306 postrema

110 308 218 385 pebuuii
230 349 234 365 ,
246 320 272 357 et
282 312 344 373 inter
357 325 382 357 se
396 304 487 367 divisi,
497 307 624 357 hostiliter
633 324 744 375 egerant.
754 311 834 361 Unde
846 325 951 363 metus.
965 323 1032 363 etex

110 395 181 433 metu
195 383 345 431 consilium:
360 400 373 429 a
385 398 458 449 posse
471 383 592 447 imputari
603 385 772 449 Vespasiano,
785 403 846 451 quae
859 386 934 452 apud
944 386 1033 435 viret·

66 498 69 501 .
110 453 174 503 iium
188 456 329 504 excusanda
347 468 418 504 erant
435 472 460 503 r.
473 457 512 519 Ita
525 469 575 505 tres
592 459 697 507 Moesica
712 461 828 524 legiones
844 477 894 527 per
912 459 1033 526 epistolas

110 524 263 576 adliciebant
277 529 451 581 Pannonicum
462 531 620 581 exercitum.
633 544 676 580 sut
687 533 811 581 abnuenti
826 535 885 582 vim
897 532 1030 599 parabant.
1099 532 1101 575 ἱ

108 596 139 647 ln
153 616 184 647 eo
197 613 268 651 motu
278 602 393 666 Aponius
405 601 556 651 Saturninus
563 640 573 665 ,
585 601 678 651 Moesia
693 616 792 670 rector,
804 606 958 672 pessimum
971 603 1032 652 laci·

109 674 251 734 nusaudet,
259 677 336 724 misso
344 674 492 724 centurione
500 675 532 724 ad
540 677 745 735 interficiendum
755 680 880 728 Tertium
892 678 1033 739 iulium,

110 747 222 810 septima
232 747 340 812 legionis
350 749 475 814 legatum,
486 750 518 798 ob
529 751 684 809 simultates,
692 753 785 817 quibus
796 767 910 802 causam
919 748 1031 817 partium

108 819 289 883 pretendebat.
305 819 435 883 Julianus,
449 834 580 888 comperto
594 824 755 884 discrimine,
769 836 796 875 et
807 828 902 892 gnaris
915 825 1033 872 locorum

109 892 225 954 adscitis,
239 912 285 963 per
297 898 353 946 aria
366 898 473 957 Moerim
490 898 556 948 uitta
569 913 683 966 montem
699 904 817 952 Haemum
834 899 973 968 profugit:
985 909 1034 944 ¹1²⁰

108 963 200 1016 deinde
212 970 280 1020 civili
289 971 357 1019 bello
369 969 498 1030 interluit,
509 990 554 1039 per
567 976 647 1024 varias
658 992 744 1026 meras
753 988 911 1041 susceptum
920 972 954 1021 ad
965 971 1033 1020 Ves-

108 1042 241 1105 pasianum
249 1043 297 1092 iter
304 1043 416 1103 trahens,
427 1058 452 1094 et
460 1062 488 1094 ert
496 1049 592 1099 nuntiis
602 1050 806 1114 cunctabundus,
818 1062 870 1098 aut
879 1059 1032 1115 propfflssl·

138 1114 290 1168 LXXXVI.
307 1118 343 1168 At
355 1121 380 1168 in
390 1119 520 1171 Pannonici
532 1125 705 1175 tertiadecima
715 1126 794 1191 legio,
802 1142 834 1174 ac
845 1125 963 1190 septima
972 1117 1033 1168 Gai·

50 1196 58 1207 “
108 1191 201 1254 hiena,
219 1193 335 1243 dolorem
350 1196 463 1261 iramque
482 1196 661 1258 Bedriacensis
669 1219 758 1268 pugna
776 1203 941 1262 retinentes,
960 1190 1033 1242 haud

109 1278 258 1317 cunctanter
270 1267 428 1334 Vespasiano
440 1272 566 1320 secessere
575 1309 583 1333 ‚
593 1275 620 1322 ri
631 1273 855 1347 pracipuitPrimi
868 1269 992 1322 Antonii·
1004 1264 1032 1313 1⁸

90 1334 208 1403 'tegibus
226 1340 332 1404 nocens,
350 1355 377 1392 et
393 1355 507 1411 tempore
525 1347 636 1399 Neronis
654 1348 711 1399 falsi
727 1350 879 1417 damnatus,
897 1350 966 1395 inter
982 1341 1032 1390 alil

107 1409 170 1459 belli
177 1414 251 1474 mala,
259 1417 414 1465 senatorium
423 1419 540 1469 ordinem
551 1420 936 1490 reciperarerat.fPraepositusit
946 1412 1032 1467 Galbi-

108 1487 220 1551 septimae
231 1489 340 1563 legioni(
352 1493 506 1562 scriptitasse
521 1495 619 1546 Othoni
632 1497 796 1558 credebatur,
813 1498 911 1548 ducem
924 1510 954 1543 se
966 1507 1031 1558 ΡΠ·

107 1558 178 1608 tibus
188 1560 307 1626 offeram
319 1562 332 1612 it
343 1581 393 1628 quo
403 1568 547 1632 neglectus,
560 1570 586 1618 in
596 1572 668 1619 nullo
678 1572 889 1622 Othonianibelli
897 1586 948 1619 usu
962 1565 1029 1614 fuit:

106 1624 251 1683 labantibus
262 1637 359 1686 Vitellii
373 1641 461 1697 rebus,
477 1642 659 1706 Vespasianum
670 1657 786 1702 secutus,
797 1645 895 1710 grande
904 1656 1031 1692 momen·

106 1714 166 1754 turn
186 1704 304 1771 addidit,
318 1723 434 1760 strenuus
449 1727 540 1771 manu,
559 1729 674 1762 sermone
691 1729 839 1781 promptus,
857 1713 981 1765 serendae
998 1712 1029 1759 in

108 1778 170 1828 alios
184 1778 285 1830 invidiae
299 1784 403 1842 artilex,
418 1783 551 1834 discordiis
563 1799 590 1836 et
601 1785 769 1855 seditionibus
784 1799 893 1854 potent,
911 1799 1027 1850 raptor,

106 1847 222 1915 largitor,
234 1870 296 1918 pace
307 1857 448 1922 pessimus,
459 1857 529 1907 bello
540 1876 593 1915 non
605 1860 770 1927 spernendus.
780 1861 864 1910 iuncti
871 1858 936 1909 inde
948 1857 1029 1907 ΜΦ·

108 1924 154 1971 sici
167 1941 199 1974 ae
211 1925 350 1980 Pannonici
361 1933 488 1982 exereitus
500 1935 673 1984 Dalmaticum
684 1937 792 1985 militem
805 1935 920 1997 traxere,
935 1947 1033 1997 qum-¹

106 2011 185 2060 quam
196 2002 370 2057 consularibus
385 2005 475 2071 legatis
487 2006 552 2057 nilsil
567 2011 737 2059 turbantibus.
748 2009 822 2060 Titsss
832 2011 945 2076 Ampius
960 2006 1024 2055 Fh·

105 2071 195 2120 vienus
209 2073 379 2139 Pannoniam,
398 2078 518 2147 Poppaeus
531 2083 651 2133 Silvanus
662 2081 816 2135 Dalmatiam
827 2085 968 2138 tenebant,
979 2079 1025 2128 di·

104 2145 172 2195 vites
179 2162 259 2198 senes.
268 2150 317 2211 Sed
323 2165 474 2214 procurator
483 2154 714 2207 sderatCornelius
722 2160 828 2222 Fuscus,
838 2161 928 2224 rigens
937 2165 1022 2213 atatis

105 2217 181 2266 claris
199 2223 343 2275 natalibus:
359 2224 441 2286 primis
459 2227 581 2292 juventi,
598 2233 691 2295 quietis·
707 2234 846 2298 cupidine,
860 2231 1022 2282 senatorium

104 2290 220 2361 ordinem
232 2304 342 2341 assuerat
353 2311 359 2340 :
373 2295 441 2342 idem
450 2315 498 2361 pro
509 2302 591 2351 Galba
601 2304 652 2352 dux
661 2306 766 2353 coloniae
776 2323 839 2366 suae,
849 2306 932 2370 eaque
941 2300 1019 2370 operd

102 2363 303 2426 procurationem
317 2363 432 2428 adeptus,
441 2375 566 2436 susceptis
578 2376 723 2440 Vespasiani
731 2380 853 2441 partibus,
862 2381 1018 2428 acerrimam

101 2434 168 2480 bello
192 2429 273 2481 facem
289 2438 410 2501 pretulit,
437 2454 488 2489 non
513 2454 566 2491 tam
586 2449 696 2507 praemiis
720 2452 910 2512 periculorum,
938 2450 1017 2515 quim

100 2505 161 2570 ipsis
175 2506 294 2572 periculis
305 2510 374 2559 latus
387 2529 392 2558 :
406 2515 552 2578 precastis,
562 2527 588 2564 et
599 2519 661 2567 oiim
672 2523 753 2587 partis
760 2554 770 2580 ,
782 2539 864 2586 nova,
877 2527 1015 2590 ambigua,

101 2582 220 2647 ancipitia
238 2583 357 2636 malebat.
374 2587 454 2651 igitur
469 2604 572 2638 morere
591 2603 616 2640 et
627 2603 750 2656 quatere,
761 2595 892 2660 ¹quidquid
908 2612 1015 2664 usquam

103 2670 198 2721 aegrum
212 2653 295 2718 loretss
308 2656 498 2726 adgrediuntur.
511 2664 611 2733 Scripta
622 2667 648 2715 iu
661 2668 818 2718 britanniam
834 2672 867 2720 ad
877 2673 1014 2739 quartade-

102 2729 225 2789 cimanos,
236 2733 263 2781 ia
272 2734 419 2811 Hispaniam
429 2738 461 2790 ad
469 2742 600 2807 primanos
611 2743 737 2808 epistolae3
748 2745 819 2810 quod
830 2761 936 2812 utraque
945 2746 1013 2810 legio

100 2816 154 2867 pro'
168 2804 285 2872 Othone,
302 2810 407 2862 adversa
426 2814 656 2887 Vitellioiuerat:
679 2834 832 2886 sparguntur
850 2840 895 2888 per
914 2823 1014 2870 Gallias

99 2877 203 2940 litteroe3
215 2880 396 2951 momentoque
408 2890 529 2956 temporis
541 2890 663 2955 flagrabat
677 2895 765 2957 ingens
778 2899 885 2954 bellum,
898 2894 1005 2958 lllyrici!

101 2952 349 3021 exercitibus-palam
362 2959 576 3023 desciscentibus,
591 2966 682 3012 ceteris
695 2966 821 3016 lor-tunam
831 2959 966 3032 secuturis.
980 2968 982 2971 ’

132 3012 289 3106 LXXifVII.
307 3030 376 3078 Dum
388 3032 452 3093 hac,
465 3050 511 3100 pet·
521 3039 665 3100 provincias
675 3069 684 3095 ,
695 3024 713 3086 'a
725 3041 876 3105 Vespasiano
886 3020 1004 3088 ducibtit·

99 3111 149 3160 que
160 3107 270 3161 partium
279 3102 424 3170 [geruntur5
448 3098 564 3175 Vitellius
583 3112 753 3176 contemptior
767 3115 793 3161 in
813 3114 863 3163 dies
886 3116 1004 3180 segniac-

100 3182 163 3234 que,
176 3167 208 3216 ed
218 3185 304 3218 omues
318 3178 516 3243 municipiorum
528 3178 697 3248 villarumque
708 3187 860 3236 amoenitates
870 3189 1001 3246 resistens,

101 3243 182 3304 gravi*
194 3242 282 3290 urbem
303 3249 402 3310 agmine
419 3253 530 3317 patebat·
551 3256 686 3320 Sexaginta
703 3260 782 3309 millia
795 3275 949 3313 armatorum
962 3278 1001 3312 se·

100 3314 255 3396 «tuebantur,
270 3316 370 3368 licentii
387 3337 519 3389 corrupta:
538 3329 656 3379 calonum
673 3349 795 3383 numerus
808 3337 929 3403 amplior3
940 3353 998 3404 pro·

95 3386 232 3436 eaerssimis
241 3389 317 3439 etiam
324 3389 390 3446 inter
398 3410 483 3450 servos
491 3398 600 3452 lixamm
608 3403 715 3472 ingeniis
725 3424 731 3456 :
742 3418 781 3461 tot
790 3409 930 3478 legatorum
941 3406 998 3463 ω’·
