2234 3817
334 182 570 223 nrsrontseort
590 186 653 222 ets.
672 186 715 224 rr.
924 169 974 240 449

63 259 166 328 species
181 256 319 306 terribilior
332 256 400 321 jorn,
415 271 441 308 et
457 260 606 322 instantior,
623 259 752 308 oexitinm
763 238 813 323 ipsi
823 264 973 321 regnoque»

67 331 313 394 denuntiaret,·ont
326 330 391 393 jussa
404 344 596 399 patrarentur».
607 333 674 381 Tum
685 333 781 396 legatos
791 342 817 379 et
830 329 895 378 donn
910 330 975 395 Scy-

66 401 232 454 drothemidi
244 402 299 469 regi
309 402 346 469 (is
358 416 418 453 tunc
429 406 610 471 Sinopensibus
619 402 794 470 imperitabat)
808 402 922 468 expediri
933 401 975 465 ju-

64 477 115 526 bet
126 496 133 538 3
150 476 312 543 precipitque
321 456 492 542 harigaturis,
508 488 557 526 ont
565 478 687 544 Pythium
696 476 842 542 Apollinem
851 475 942 523 adeant
950 490 975 523 u.

65 548 128 599 ntis
143 564 212 597 mare
226 549 365 605 secuudum
378 567 384 597 :
398 568 454 619 sors
464 553 559 601 oraculi
573 552 640 600 baud
655 552 780 615 ambigua.
793 567 807 597 «
818 550 886 598 lrent
896 548 977 596 simu·

63 623 220 685 lucrumque
231 623 357 687 patrissui
369 624 532 681 reveherent,
542 628 636 675 sororis
645 627 815 688 relinquerent
823 640 846 672 s.

100 693 252 753 Lxxxtv,
268 694 306 743 Ut
319 697 429 763 Sinopen
440 699 542 761 vendre,
556 715 674 755 munera,
690 714 789 762 preces,
803 693 920 744 mandate
934 708 977 742 re·

67 766 110 831 gis
121 765 164 814 sui
179 765 382 832 Scydrothemidi
395 768 520 833 adlegant.
536 769 588 830 Qui
600 771 714 819 diversus
726 770 821 825 enimi,
835 766 912 816 modb
926 781 978 814 nu·

67 854 133 886 men
143 837 294 904 pavescere,
304 839 381 889 modo
393 843 469 890 minis
479 842 633 893 adversantis
642 842 728 909 populi
738 842 844 907 terreri,
854 856 917 904 saepe
928 837 978 888 do-
1057 886 1060 891 ,

67 912 112 960 nis
125 914 309 976 promissisque
323 914 463 979 legatorum
479 918 639 966 flectebatur.
655 919 738 981 Atque
756 917 859 964 interim
870 914 979 981 triennio

68 994 184 1043 exacto,
195 985 344 1034 Ptolemaeus
355 1005 406 1037 non
421 989 548 1050 studium,
559 1009 610 1040 non
623 1009 709 1057 preces
719 993 845 1040 omittere.
860 988 979 1052 Dignita-

69 1068 127 1106 tem
135 1059 289 1122 legatotum,
299 1076 432 1109 numerum
442 1065 556 1123 nerium,
563 1066 618 1112 auri
627 1064 726 1128 pondus
734 1064 846 1127 augebat.
856 1061 923 1108 Tum
932 1060 980 1108 mi-

69 1147 126 1180 nax
133 1130 211 1179 facies
223 1131 425 1197 Scydrothemidi
436 1135 551 1195 offertur,
565 1156 579 1185 «
589 1155 619 1186 ne
629 1137 752 1185 destinata
761 1136 809 1184 deo
820 1131 884 1183 ultrir
893 1146 978 1185 mora-

70 1216 179 1254 return.
199 1205 365 1253 Cunctantem
389 1210 457 1256 varia
475 1211 611 1276 pernicies,
629 1212 776 1274 morbique,
800 1221 827 1255 et
847 1203 979 1253 manifesta

71 1276 216 1325 coelestium
230 1277 266 1326 irs
276 1315 282 1337 ,
301 1282 449 1351 graviorque
461 1284 485 1331 in
501 1282 553 1331 dies
563 1280 689 1347 fatigabat.
700 1279 831 1331 scioessa
841 1276 979 1331 contione,

75 1368 94 1399 rr
105 1354 172 1415 iussa
182 1354 295 1402 numinis
307 1390 313 1414 ,
324 1372 382 1403 suos
396 1357 575 1423 Ptolemaeique
586 1360 668 1421 visus,
681 1357 824 1423 ingruentis
835 1352 923 1411 maleo
933 1365 980 1396 er-

74 1424 159 1494 ponit.
171 1427 270 1494 Vulgus
287 1430 414 1478 adversari
430 1448 534 1499 regem,
551 1434 663 1483 invidere
678 1436 800 1499 AEgypto‚
814 1432 835 1479 si
852 1439 980 1482 metuere,
993 1471 996 1475 ,

78 1499 252 1565 templumque
272 1503 462 1554 circumsidere
477 1507 559 1569 Major
580 1507 640 1556 hinc
656 1506 721 1554 sama
738 1501 862 1559 tradidit,
882 1497 981 1547 odeum

76 1573 158 1638 ipsum
174 1575 291 1638 sppulses
309 1577 389 1624 littori
402 1581 472 1627 navis
484 1594 574 1645 sponte
591 1579 766 1629 conscendisse
774 1595 799 1625 u.
813 1571 910 1622 Mirum
920 1566 980 1617 inde

77 1646 147 1694 dictu
156 1681 163 1705 ,
172 1648 249 1694 tertio
263 1646 304 1694 die
322 1658 421 1696 tantum
439 1653 517 1700 maris
534 1653 646 1710 emensi,
658 1648 835 1700 Alexandriam
846 1643 981 1710 appellun-

74 1732 127 1770 tur.
139 1719 278 1784 Templum
288 1736 336 1786 pro
350 1723 521 1783 nsignitudine
535 1722 603 1769 urbis
614 1736 786 1782 exstructum,
796 1721 868 1785 loco,
881 1716 979 1764 cuino-

75 1810 136 1843 mers
148 1792 286 1841 Rhacotis:
300 1790 380 1838 suerat
399 1791 451 1838 illic
464 1792 599 1850 sacellum,
614 1790 728 1857 Serapidi
747 1800 823 1855 atque
835 1789 898 1837 Isidi
911 1788 982 1835 anti·
1035 1818 1042 1827 -

23 1908 27 1918 .
75 1869 166 1932 quitus
174 1876 306 1914 sacratum.
321 1865 379 1911 Haeo
391 1865 423 1910 de
434 1863 530 1927 origine
543 1877 569 1911 et
578 1864 684 1912 advectu
696 1863 737 1910 dei
746 1863 917 1911 celeberrima.
927 1859 982 1908 Nec

77 1954 137 1987 sum
145 1937 253 2000 ignarus,
263 1953 317 1986 esse
327 1936 449 2001 quosdam
459 1971 466 1998 ,
477 1935 520 2000 qui
532 1937 678 1993 «Solonem,
688 1937 749 1984 urbe
757 1938 832 2001 Syrie
840 1971 847 1993 ,
856 1936 982 1990 accitum,

66 2021 200 2083 xregnante
216 2011 367 2074 Ptolemae,
389 2028 466 2076 quem
483 2013 556 2061 tertia
574 2023 631 2061 aetas
645 2012 744 2059 solitu:
769 2010 813 2058 alii
826 2020 980 2057 cauctorem

76 2083 198 2136 eumdem
214 2086 392 2146 Ptolemeum,
420 2086 519 2147 sedem,
539 2102 570 2135 ex
589 2086 638 2151 qui
663 2085 803 2143 transierit,
818 2081 978 2147 Memphim»)

78 2160 229 2228 perhibent.
251 2163 371 2229 inclytam
389 2155 454 2210 'olim
463 2201 471 2223 ,
488 2174 513 2210 et
531 2164 624 2211 veteris
641 2160 742 2227 AEgypti
755 2159 880 2208 columen.
896 2156 980 2204 Deum

79 2235 162 2299 ipsum
173 2235 247 2281 multi
264 2253 278 2282 u
287 2237 474 2302 AEscnlapium,
486 2235 555 2302 qudd
567 2235 697 2285 medeatur
708 2237 779 2301 aegris
788 2229 935 2297 corporibus
944 2245 959 2276 u
972 2247 980 2289 ;

74 2305 184 2375 =quidam
203 2304 323 2369 «Osirin,
337 2310 541 2374 antiquissimum
554 2310 606 2359 illis
618 2308 737 2375 gentibus
748 2321 882 2368 numenu3
898 2302 980 2367 pleri·

81 2395 131 2443 que
151 2380 277 2436 olorem,
294 2392 418 2431 utrorum
435 2387 550 2433 omnium
566 2393 734 2450 potentem»;
749 2378 853 2447 plurimi
871 2372 983 2423 «Ditem

81 2463 195 2518 patrem,
212 2452 366 2517 insignibus,
380 2471 433 2519 qua
448 2458 541 2524 inipso
557 2455 730 2513 manifestas),
748 2465 792 2504 aut
808 2468 853 2519 per
865 2448 982 2513 ambages

80 2527 231 2588 conjectant.
603 2526 606 2531 “

90 2606 93 2613 ’
115 2594 248 2648 LXXXV.
267 2603 302 2648 At
319 2597 479 2653 Domitianus
498 2604 694 2666 Mucianusque,
718 2614 851 2664 antequam
875 2594 983 2660 Alpibus

81 2672 296 2740 propinquarent,
315 2684 452 2740 prosperos
465 2689 551 2721 rerum
567 2674 592 2721 in
612 2673 728 2720 Treveris
742 2685 866 2737 gestarum
882 2668 984 2717 nuntios

83 2742 209 2809 accepire.
224 2745 351 2810 Praeoipua
365 2746 474 2794 victorie
486 2744 562 2805 fides,
575 2745 625 2793 dus
638 2744 749 2793 bostium
760 2734 925 2797 Valentinus,
936 2754 985 2786 ne·

81 2832 206 2885 quaquam
224 2817 323 2881 abjecto
338 2820 437 2881 animo,
453 2836 516 2883 quos
527 2821 632 2885 spiritus
648 2820 775 2882 gessisset,
791 2818 865 2865 vultu
881 2806 984 2863 fe‘tebat.

82 2891 192 2944 Auditus
205 2889 263 2939 idco
280 2890 378 2941 tautirm
386 2930 393 2953 ,
407 2902 435 2942 ut
450 2890 597 2941 nosceretur
610 2891 739 2956 ingenium
751 2891 821 2951 eius,
837 2890 985 2937 damnatus-

80 2980 145 3032 que,
157 2962 223 3012 inter
236 2967 327 3030 ipsum
334 2968 486 3032 supplicium
495 3003 503 3030 ,
513 2966 675 3032 exprobranti
684 2964 783 3013 cuidam
796 2965 920 3030 «patriam
933 2961 988 3023 ejus

81 3050 180 3105 captam
194 3056 199 3085 :
213 3035 335 3105 Accipere
355 3057 381 3089 se
401 3043 520 3090 solatium
539 3042 627 3089 mortis
636 3056 650 3086 n
670 3039 810 3105 respondit.
822 3037 871 3086 Sed
884 3037 986 3085 Mucia·

81 3128 145 3170 nus,
158 3109 228 3175 quod
241 3110 285 3160 diu
297 3113 483 3171 occultaverat,
501 3126 530 3162 ut
547 3129 634 3163 recent
646 3113 820 3180 exprompsit:
836 3129 850 3158 u
860 3109 988 3173 Quoniam

81 3185 236 3251 benignitate
254 3184 349 3245 desim,
370 3185 452 3235 fracta
469 3189 534 3236 sires
551 3186 663 3251 hostium
677 3189 773 3251 forent,
790 3200 879 3252 perum
899 3178 988 3228 decore

81 3259 258 3309 Domitianum
269 3260 401 3320 ,confecto
411 3260 489 3326 prope
499 3260 568 3309 bello
577 3296 584 3319 ,
593 3260 678 3311 aliena
686 3260 769 3324 gloriae
777 3261 985 3307 interventurum.

82 3333 108 3382 Si
124 3342 206 3380 status
217 3332 332 3399 imperii,
348 3344 392 3381 aut
403 3333 469 3381 selus
483 3331 623 3381 Galliarum
636 3334 661 3380 in
675 3332 817 3382 discrimine
831 3338 986 3386 verteretur,

84 3406 201 3467 debuisse
217 3406 342 3482 ¹Caesarem
361 3408 389 3460 in
401 3407 454 3465 acle
466 3417 531 3462 etsie
541 3424 549 3479 ξ
560 3405 720 3463 Caninelstes
735 3408 890 3472 Buerosqne
900 3401 986 3453 mino·
