2234 3817
154 170 204 225 564
473 171 613 221 ο.“οοιιπ.’
624 180 737 221 nactur

91 269 92 272 ’
153 267 241 317 limus.
252 262 398 323 Dolabella,
409 261 493 310 audita
504 275 588 316 morte
599 262 722 322 Othonis,
736 262 825 312 urbem
834 260 963 315 introierat
973 283 979 314 :
990 265 1044 315 idei

155 338 274 390 Plancius
291 340 387 396 Varus,
403 338 511 403 praetor-d
525 335 639 396 functus,
653 355 684 387 ex
696 338 791 387 intimis
801 338 937 388 Dolabella
952 341 1046 400 amicis,
1092 397 1093 412 χ

155 414 223 479 apud
239 413 354 462 Flavium
370 411 509 468 Sabinum,
523 410 670 477 praefectum
686 412 770 470 urbis,
787 412 898 476 objecit,
915 424 1046 476 «tanquam

153 478 234 552 ruptiv
245 481 377 547 custodiri,
390 483 481 531 ducem
492 501 519 532 se
535 486 610 534 victis
626 485 741 551 partibus
754 486 929 536 ostentdssetn
943 486 1047 535 :addidit
1092 507 1093 518 ¹

155 571 300 612 attentatam
310 558 455 619 cohortem,
466 576 519 622 qua
529 561 608 609 Ostiae
615 555 699 626 ageret
707 578 722 609 u
733 579 739 608 :
751 576 797 609 nec
807 560 866 608 uilis
874 571 998 609 tantorum
1006 559 1048 608 cri-
1092 551 1093 598 ἒ

155 636 254 701 minum
262 633 457 697 probationibus
467 633 493 680 in
501 627 676 698 poenitentiam
687 650 789 696 versus,
801 650 884 683 seram
896 636 992 683 reniam
1000 643 1048 699 port

91 741 94 742 ν
154 708 237 758 scelus
248 706 384 769 quaerebat.
401 706 566 755 Cunctantem
583 723 661 774 super
675 708 782 757 contire
796 709 916 757 Flavium
925 708 1046 761 Sabinum,
1092 733 1093 742 κ

153 782 264 845 Triaria,
275 782 305 829 L.
317 781 418 829 Vitellii
427 797 492 828 ttxor
498 817 504 839 ,
516 781 583 830 ultra
594 782 716 832 leminam
724 782 795 832 ferox
806 781 917 839 {terruit
926 798 976 831 «ne
986 780 1050 846 peri-

153 856 213 905 culo
224 854 347 921 principis
358 854 450 903 lainam
464 856 604 905 clementia
616 835 775 906 affectaletn.
786 856 911 919 Sabinus,
924 867 1007 921 suopte
1019 856 1051 902 in-

152 929 227 993 genio
237 928 323 983 mitis,
336 927 381 976 ubi
392 925 505 977 formido
520 929 670 989 incessisset,
683 930 763 981 facilis
774 942 892 992 mutatu,
904 943 929 980 et
941 931 965 978 in
977 930 1050 977 alieno

152 1003 297 1054 discrimine
307 1003 472 1069 sibiparens,
480 1020 514 1052 ne
524 1003 651 1053 adlevdsse
662 1004 806 1068 rideretur,
818 1006 923 1072 impulit
933 1017 1049 1054 ruentem.

126 1093 129 1096 ¹
184 1074 282 1130 Lxlv,
288 1075 369 1141 Igitur
376 1077 504 1138 Vitellius,
515 1088 584 1126 metu
597 1089 622 1125 et
634 1077 782 1143 odio,qubd
789 1078 946 1140 Petroniam,
955 1093 1054 1127 uxorem

154 1150 223 1215 elus,
242 1149 302 1217 m'op
316 1150 448 1198 Dolabella
463 1151 488 1199 in
505 1152 698 1200 matrimonium
713 1153 867 1217 accepisset,
886 1164 1000 1201 vocatum
1013 1166 1054 1216 per

154 1224 290 1290 epistolas,
307 1242 321 1271 n
331 1224 408 1271 vitati
422 1224 553 1273 Flaminiae
562 1227 608 1273 viar
621 1226 782 1286 celebritate,
794 1225 928 1276 devertere
939 1227 1054 1274 luteram·

153 1299 241 1356 nium,
255 1307 329 1361 atque
340 1298 375 1345 ibi
386 1298 517 1346 interfici»
528 1297 611 1359 jussit.
623 1298 740 1364 Longum
754 1297 915 1349 interfectori
929 1300 1008 1349 risum
1018 1299 1055 1346 :in

151 1371 245 1420 itinera
255 1386 283 1418 ac
292 1369 396 1418 tabernd
408 1370 550 1436 proiectum
563 1371 636 1421 humi
646 1371 771 1440 jugulavit
781 1391 787 1419 :
797 1372 891 1438 magna
901 1389 957 1422 cum
969 1370 1055 1421 inridit

154 1443 215 1492 nori
232 1443 388 1510 principatds
397 1479 406 1507 ,
422 1445 495 1508 cujus
512 1445 562 1494 boo
576 1447 687 1511 primum
705 1437 833 1512 specimen
850 1446 1012 1495 noscebatur.
1026 1443 1054 1493 Et

153 1517 258 1567 Triaria
274 1516 423 1576 licentiam,
440 1518 587 1568 modestum
600 1518 613 1567 ὲ
628 1518 745 1583 proximo
760 1519 906 1584 exemplum
924 1519 1054 1577 onerabat,

74 1620 76 1628 ·
154 1590 257 1640 Galeria
274 1590 435 1655 imperatoris
447 1608 528 1647 uxor,
542 1607 593 1638 non
610 1591 723 1637 immixta
742 1590 874 1657 tristibus,
888 1604 915 1640 et
932 1591 988 1656 pari
1002 1606 1056 1656 pro·
1092 1587 1093 1592 ’

154 1663 236 1713 bitate
250 1673 331 1710 mater
344 1662 521 1721 Vitelliorum,
540 1661 659 1714 Sextilia,
672 1661 770 1723 antiqui
784 1663 873 1709 moris.
888 1663 990 1712 Dixisse
1002 1656 1057 1727 quin

156 1736 248 1797 etiam,
259 1733 292 1782 ad
301 1735 394 1799 primas
401 1733 447 1780 filii
457 1732 496 1780 sui
505 1732 634 1798 epistolas,
646 1730 785 1789 ferebatur,
796 1750 847 1780 non
857 1738 1058 1784 oGerrnanicunt

127 1841 131 1844 v
157 1807 173 1858 d
183 1825 223 1871 se,
233 1806 278 1858 sed
286 1808 420 1859 Vitellium
427 1806 575 1873 genitumn.
583 1806 636 1854 Nec
643 1804 700 1852 ullis
709 1804 795 1870 posted
804 1803 912 1855 fortunar
922 1808 1060 1867 illecebris,

135 1889 137 1892 ’
157 1894 203 1933 aut
216 1883 315 1931 ambitu
326 1882 452 1942 civitatis,
464 1879 623 1948 ingaudium
639 1880 721 1928 evicta
728 1915 736 1941 ,
746 1876 835 1929 domita
850 1880 1012 1930 suostantiam
1023 1880 1061 1931 ad·

158 1972 230 2021 versa
241 1956 329 2006 sensit.
487 1991 492 1993 ν

192 2029 274 2080 va.
300 2028 448 2094 Digressum
467 2030 482 2078 is
499 2028 627 2095 Lugduno
647 2028 782 2090 Vitellium
797 2028 837 2078 M.
856 2028 964 2077 Cluvius
987 2024 1059 2076 Ruina

162 2101 326 2167 adsequitur,
343 2103 437 2151 omissi
452 2104 593 2169 Hispanii3
612 2103 725 2153 laetitism
741 2115 768 2152 et
782 2102 978 2167 gratulationem
995 2101 1059 2149 vultu

159 2177 260 2236 ferens,
271 2174 355 2223 animo
366 2176 469 2234 anxius,
483 2187 510 2223 et
520 2177 630 2239 petitum
639 2176 893 2224 secriminationibus
905 2190 1004 2239 gnarus.
1019 2174 1060 2223 lli·

160 2250 240 2301 larius
255 2246 357 2293 Caesaris
371 2247 477 2295 libertus
495 2248 638 2306 detulerat,
659 2265 674 2295 i<
684 2260 804 2311 tanquam
823 2247 912 2296 audito
929 2249 1027 2299 vitellii
1040 2257 1061 2294 tt

162 2318 271 2369 Othonis
287 2316 446 2379 principatu,
459 2321 591 2382 propriam
605 2322 658 2383 ipse
671 2312 827 2385 potentiam,
843 2333 867 2369 et
881 2325 1058 2386 possessionem

159 2388 337 2453 Hispaniarum
351 2387 475 2436 tentdsset
491 2391 502 2436 ι’
514 2389 595 2452 adque
613 2390 796 2454 diplomatibus
806 2393 910 2452 nullum
929 2398 1058 2462 principem

152 2459 382 2533 'prescripsissetu
391 2461 607 2526 Interpretabatur
616 2462 765 2524 quadamer
774 2463 934 2515 orationibus
940 2469 1059 2535 ejus‚con·

162 2535 298 2589 tumeliosa
304 2534 478 2598 invisentum,
487 2547 513 2582 et
520 2551 567 2600 pro
577 2550 603 2582 se
611 2535 666 2599 ipso
673 2536 815 2601 popularia.
825 2538 977 2592 Auctoritas
985 2542 1058 2595 Cluvii

118 2633 122 2638 ’
163 2608 309 2682 praevaluit,
320 2619 351 2656 ut
358 2607 441 2674 puniri
450 2606 520 2657 ultro
529 2608 652 2657 libertum
665 2624 739 2657 suum
751 2610 871 2661 Vitellius
882 2611 982 2676 luberet
992 2636 998 2666 ε
1007 2616 1059 2667 ctu·

164 2687 221 2738 rius
234 2685 367 2754 comitatui
377 2682 499 2749 principis
509 2682 636 2748 adiectus,
647 2699 699 2733 non
712 2682 831 2756 adempti
841 2686 980 2754 Hispanii,
994 2702 1059 2757 quam

164 2762 232 2812 rexit
239 2759 337 2819 absens,
343 2757 459 2821 exemplo
466 2757 497 2806 L.
504 2756 634 2807 Arruntii:
643 2774 702 2807 eum
708 2757 827 2809 Tiberius
835 2762 915 2812 Cesar
922 2764 956 2810 ob
961 2776 1058 2818 metum,

166 2833 290 2884 Vitellius
299 2832 417 2881 Cluvium
424 2830 492 2879 nnita
502 2830 646 2893 formidine,
653 2834 789 2883 retinebat.
800 2835 857 2884 Non
865 2834 930 2882 idem
940 2835 1059 2885 Trebellio

167 2899 280 2953 Maximo
294 2905 374 2953 bonos
386 2923 392 2953 ;
404 2903 548 2969 profugerat
562 2905 707 2966 Britanniis,
721 2906 755 2955 ob
769 2906 919 2956 iracundiam
933 2909 1058 2959 militum:

167 2975 260 3024 missus
270 2988 309 3023 ert
320 2978 346 3024 in
359 2977 445 3025 locum
456 2976 510 3039 ejus
520 2978 625 3028 Vectius
635 2982 746 3028 Bolanus
755 2981 768 3034 ie
778 2978 946 3045 praesentibus.

200 3045 295 3093 LXVI.
310 3046 427 3111 Angebit
440 3049 573 3101 Vitellium
590 3054 715 3104 victarum
732 3054 855 3119 legionum
872 3051 1059 3119 haudquaquam

167 3117 262 3184 fractus
270 3119 368 3167 animus
380 3136 385 3166 :
396 3136 484 3187 sparsae
494 3140 537 3187 per
545 3124 659 3181 Italiam,
672 3138 698 3175 et
708 3125 844 3179 victoribus
852 3128 991 3191 permixta,
1004 3127 1058 3176 hor·

169 3189 223 3238 tilia
235 3190 402 3251 loquebantur·
414 3211 419 3240 :
430 3198 555 3261 praecipna
572 3198 850 3261 quartadecimanorum
865 3199 973 3259 lerncia',
985 3200 1025 3265 qui
1034 3216 1058 3251 st

170 3263 256 3313 victos
268 3262 412 3332 abnuebant
427 3281 433 3310 :
450 3282 464 3311 n
472 3270 564 3331 quippe
575 3268 733 3319 bedriaceusi
744 3270 813 3327 acie,
826 3273 960 3321 vexillariis
969 3267 1058 3319 tantiam

168 3336 264 3399 pulsis,
280 3336 343 3382 vires
358 3335 464 3399 legionis
473 3356 525 3386 non
539 3340 649 3392 adfuisse
659 3362 684 3394 n.
694 3344 850 3395 Remittieos
859 3347 885 3394 in
898 3345 1057 3398 Britanniam,

124 3404 135 3421 ⁸
168 3405 236 3466 unde
251 3404 264 3457 i
279 3405 385 3476 Nerone,
394 3409 468 3462 exciti
484 3424 555 3482 erant
562 3447 571 3476 ,
589 3415 698 3486 placuit5
713 3428 788 3492 arque
801 3418 904 3478 interim
917 3421 1058 3477 Baiarum
