2234 3817
158 188 210 256 apt
469 202 495 237 e.
518 202 614 239 contr.
637 199 753 239 rantra

159 281 233 334 tama
240 319 248 349 ,
255 280 294 338 ac.
301 291 378 348 prout
386 280 468 346 prima
477 283 621 340 cessissent,
629 281 682 331 fore
689 283 807 332 universa
815 269 932 348 3Montm
942 286 1059 345 insulam,

159 358 232 428 cujus
239 357 393 423 possessione
398 368 545 405 revocatum
551 356 836 407 Paullinumrebellione
844 351 922 410 totius
932 360 1063 410 Britanniae

161 430 236 496 cupri
245 429 392 488 memorari,
401 429 515 493 redigere
526 432 552 479 ln
562 441 714 498 potestatem
726 431 812 479 auimo
825 430 945 483 interidit.
958 432 1023 496 Sed,
1036 444 1062 482 ut

159 504 188 553 in
196 502 414 559 ominaomina,
421 518 498 551 naves
508 504 625 555 deerant:
637 506 702 553 ratio
713 516 737 553 et
745 509 886 555 commutis
898 507 974 556 ducis
984 520 1063 555 trans·

160 577 238 627 nst.
252 576 376 642 Depositit
387 578 507 626 omnibue
515 580 635 638 sarcinis,
646 579 796 627 lectissimos
813 581 991 641 auxiliarium,
1005 578 1062 644 qui·

121 648 146 693 .“
158 646 210 699 hus
220 660 282 697 neta
299 646 375 704 vade,
386 658 412 696 et
422 653 519 713 patrius
533 652 611 700 naudi
624 667 697 712 uana,
712 668 763 717 qno
780 653 949 718 simulaeqne
962 665 988 701 et
998 667 1064 701 arma
1079 687 1082 691 -

159 734 188 770 et
203 736 281 785 equos
294 735 399 788 regunt,
418 725 570 791 iturapenti
583 728 704 795 immisit,
718 740 761 788 ut,
779 729 955 793 obstupela'cti·
967 728 1062 784 hoster,

158 797 317 859 quittassent
327 833 333 855 ,
346 799 390 861 qui
400 812 487 854 arares,
495 802 540 863 qui
548 817 619 849 mare
628 802 819 867 exspectabant,
833 802 897 849 nillil
906 801 1016 850 arduum
1025 808 1065 848 aut

161 868 287 918 inuictum
299 870 455 918 crediderint
465 872 501 919 sic
515 873 547 920 ad
558 873 655 924 bellom
666 875 836 923 venientibua.
851 876 888 923 lta
902 873 984 941 petita
995 888 1066 939 pace,

162 927 291 990 nodediti
305 944 404 1001 inauli,
423 945 507 995 clarus
517 962 547 995 ae
558 963 664 1012 magnus
675 948 764 996 haberi
778 948 909 1012 Agricola:
924 949 1020 1013 quippe
1028 946 1066 993 cui

161 1013 317 1079 ingredienti
323 1017 483 1081 provinciam
492 1055 498 1076 ,
507 1019 579 1083 quod
590 1030 687 1085 tempus
696 1020 738 1067 alii
748 1035 792 1084 per
802 1021 1016 1075 ostentationem,
1026 1027 1067 1064 aut

161 1088 1067 1160 ‚officiorumambitumtransigunt‚laboretpet·iculumplaeuisset.Nec

97 1211 99 1214 ,
162 1158 297 1223 Agricola,
312 1165 479 1229 prosperitate
493 1182 579 1213 rerum
597 1167 622 1214 in
639 1170 777 1215 vanitatem
790 1183 864 1226 nstra,
882 1166 1067 1232 expeditionem

84 1265 86 1268 -
165 1246 209 1282 aut
221 1237 354 1286 victoriam
367 1238 487 1302 vocabat,
506 1241 588 1289 rictoa
599 1243 752 1290 continuisse
766 1262 772 1289 z
792 1257 823 1290 ne
836 1242 956 1291 laureatis
968 1240 1067 1305 quidem

163 1319 233 1372 gesta
246 1322 395 1374 prosecutus
405 1322 459 1359 eat:
471 1312 516 1361 sed
525 1313 579 1378 ipsi
591 1313 793 1364 dissimulatione
802 1315 871 1363 lama
881 1314 975 1364 lamam
988 1313 1068 1370 ausit,

108 1416 111 1421 .
164 1383 359 1440 aestimantibus,
369 1384 463 1448 quanti
475 1384 552 1434 futuri
564 1402 610 1452 spe
621 1393 674 1436 tam
687 1405 776 1455 magna
787 1391 916 1437 tacuisset.

195 1485 267 1535 xlx.
279 1484 398 1535 Ceterum
408 1489 551 1540 animorum
560 1492 698 1557 provincia
707 1493 817 1558 prudens
824 1529 831 1551 ,
842 1491 968 1555 simulque
982 1489 1069 1537 doctut

162 1574 209 1625 per
221 1561 302 1607 aliena
316 1558 507 1625 experimenta,
522 1581 613 1628 parum
623 1566 712 1629 profici
730 1567 821 1624 armis,
833 1564 966 1625 si'iniuriae
981 1575 1068 1626 seque·

162 1645 266 1695 rentur,
284 1649 373 1697 causas
387 1634 511 1681 bellorum
530 1637 619 1682 statuit
638 1636 763 1705 exeidere.
784 1633 846 1685 Aac
864 1639 967 1702 suisque
981 1650 1084 1693 orsus„

163 1707 271 1773 primam
287 1704 393 1754 domurn
408 1721 478 1752 suam
492 1706 618 1768 coercuit,
633 1704 701 1770 quod
712 1708 839 1770 plerisque
854 1707 922 1754 haud
933 1708 1022 1756 minias
1032 1723 1072 1754 ar·

164 1778 245 1829 dutum
254 1790 306 1842 est,
316 1776 392 1843 quitm
401 1776 560 1843 provinciam
571 1792 669 1841 regere.
681 1775 753 1825 Nihil
763 1794 807 1841 per
817 1778 922 1826 libertos
931 1792 1071 1843 servosque

162 1842 272 1928 publicae
280 1852 318 1899 rei
328 1867 334 1901 :
344 1867 395 1900 non
407 1843 497 1899 studiis
506 1849 621 1915 privatis,
631 1864 678 1897 nec
686 1863 717 1896 ex
725 1849 954 1910 commendatione,
961 1863 1008 1900 aut
1017 1861 1074 1916 prt-

160 1926 236 1992 cibus
248 1922 427 1974 centurionum
440 1924 535 1971 milites
546 1922 657 1986 adarim,
678 1919 722 1977 sed
732 1924 857 1989 optimum
866 1940 995 1987 quemque
1006 1922 1070 1970 lide·

161 1998 289 2052 lis'aim‘um
301 2003 391 2066 putare
402 2018 408 2047 ι
421 1998 507 2047 omnia
522 1991 586 2047 scire
598 2015 668 2063 ,non
684 1996 769 2048 omnia
780 2002 897 2064 exsequi:
913 2001 1070 2066 parvitpec-

116 2073 120 2078 ”
161 2074 345 2134 catisreniam,
353 2074 452 2138 magnis
461 2075 622 2123 severitatem
631 2072 810 2125 commodare:
822 2088 868 2122 nec
876 2071 949 2140 poeni
960 2085 1067 2136 semper,

159 2146 209 2200 ,aed
221 2150 310 2215 saepius
327 2148 477 2213 poenitentii
497 2160 633 2197 contentus
648 2164 701 2198 esce
715 2147 826 2200 :officiis
835 2157 860 2194 et
872 2144 1068 2195 administratio

162 2217 340 2284 nibuspotids
354 2236 405 2265 nou
423 2232 573 2283 peccaturos
591 2215 752 2286 preponere,
772 2218 847 2285 quiam
859 2218 979 2267 damnare
993 2229 1069 2281 quum

133 2345 136 2349 ,
161 2292 317 2362 pecciapent.
328 2290 461 2337 Frumenti
474 2302 498 2338 et
508 2288 665 2344 tributorum
676 2293 818 2339 auctionem
831 2292 972 2354 aequalltale
982 2302 1071 2338 mune-

161 2380 219 2414 rum
231 2362 344 2416 mollire,
359 2360 530 2423 circumcisis,
541 2378 596 2423 quae
611 2363 636 2408 in
649 2374 764 2426 questum
779 2373 890 2424 reperta,
903 2363 959 2427 ipso
975 2362 1069 2410 tributo

162 2432 263 2502 gratuitis
282 2432 455 2481 tolerabantur
469 2450 475 2480 :
491 2450 599 2498 namque
617 2427 663 2498 pdr
685 2432 825 2481 ludibrium
847 2433 959 2484 assidere
979 2432 1068 2482 elausit

164 2508 273 2570 horreis,
287 2520 311 2556 et
320 2521 403 2555 emere
412 2505 480 2555 ultrei
490 2506 615 2555 frumenta
623 2523 670 2566 ,rac
683 2506 794 2555 rendere
803 2506 887 2572 pretio
897 2507 1067 2573 cogebantur:

166 2585 281 2634 devortia
294 2583 412 2631 itinerum
427 2592 452 2629 et
466 2577 639 2646 longinquitas
653 2583 787 2648 regionum
798 2580 977 2644 indicebatur,
989 2594 1018 2631 nt
1035 2581 1067 2628 ci·

165 2656 282 2707 ritatesi
299 2655 420 2723 proximis
432 2653 545 2704 hibernis
557 2657 583 2704 in
598 2670 696 2707 remota
711 2668 736 2705 et
749 2656 804 2706 aria
819 2655 960 2718 deferrent,
974 2656 1070 2712 donec,

162 2733 234 2801 ,quod
248 2732 365 2782 omnibus
378 2733 403 2780 iu
415 2742 534 2797 promptu
550 2741 617 2789 erat,
628 2729 716 2796 paucis
727 2730 859 2779 lucrosum
871 2730 951 2781 fieret.

184 2840 262 2888 ·XX.
275 2838 335 2885 Haec
349 2837 430 2901 primo
443 2837 528 2885 statim
542 2852 609 2886 anno
620 2835 825 2901 domprimendo,
843 2837 965 2901 egregiam
978 2836 1066 2898 lamam

167 2914 225 2977 paci
233 2908 416 2973 circuntdedit5
429 2927 483 2973 quae
493 2912 533 2959 vel
543 2909 655 2971 incurii,
667 2910 709 2957 vel
720 2909 850 2960 tolerantia
860 2911 983 2974 priorum,
1001 2905 1066 2959 haud

166 2982 253 3032 annuns
261 2981 337 3044 quana
351 2982 446 3039 bellum
460 2985 604 3033 timebatur.
615 2982 665 3031 sed
676 2983 719 3031 ubi
731 2996 801 3038 cetat
815 2983 926 3038 advenit,
937 2981 1066 3031 contracto

167 3054 296 3115 exercitu,
309 3052 420 3099 rnilitum
432 3054 458 3099 in
470 3056 570 3119 agmine
576 3053 684 3123 ,laudere
694 3054 857 3111 modestiam.
868 3052 983 3114 disjectos
995 3068 1065 3102 coer·

168 3144 224 3179 cere
234 3143 241 3173 ε
255 3126 311 3173 lora
321 3123 408 3171 castris
419 3124 473 3189 ipse
482 3143 583 3191 capere,
592 3127 708 3178 actuaria
717 3143 748 3176 ac
756 3129 832 3176 silvae
842 3127 1063 3190 ipaepraetentrret

162 3215 194 3263 qet
205 3199 267 3249 nihil
282 3197 384 3246 interim
393 3198 555 3261 apudlaostet
566 3200 680 3264 quietum
692 3201 746 3265 peti
753 3239 763 3261 ,
772 3199 909 3263 quominus
924 3200 1013 3250 subitis
1022 3213 1064 3247 ex·

161 3269 283 3330 'cunibus
296 3271 478 3334 popularetur:
493 3283 568 3334 atque
583 3272 628 3321 uti
639 3274 700 3323 tatis
712 3285 851 3332 terruerat,
867 3273 994 3338 parcendo
1009 3284 1063 3320 rnr-

142 3362 211 3394 ‚sua
225 3346 381 3391 irritamenta
400 3343 469 3405 pacis
489 3354 626 3393 ostentare.
645 3345 744 3409 Quibus
758 3346 937 3396 rebusmultae
955 3345 1062 3396 civitatee

167 3434 222 3483 que
236 3419 263 3468 iu
276 3418 350 3469 illum
361 3415 430 3469 diem
444 3431 476 3468 tx
489 3431 673 3485 equoeqemttt
680 3412 765 3482 ,dans
782 3421 930 3498 ohnidibut,
942 3423 1002 3476 uun
1016 3429 1064 3488 110:

323 3525 344 3546 ,λ
