2234 3817
457 121 640 172 ernnust.
921 125 928 136 Χ
947 121 994 171 sor

90 211 170 266 ruint
179 211 364 263 Cheruscorum
374 222 400 260 st
409 212 480 271 Fosi,
490 214 646 261 contermina
656 227 730 276 gent,
741 210 905 261 adsertorum
911 228 996 262 rernm

92 303 126 336 ex
136 304 206 351 aquo
215 288 291 345 socii,
301 302 382 350 quum
392 288 418 334 iu
427 284 543 334 secundis
555 287 664 335 minores
676 284 791 360 luissent.

125 378 271 428 XXXVII.
284 377 410 427 Eumdem
426 380 565 427 Germaniae
577 379 654 427 situm
666 378 778 447 proximi
789 379 890 425 Oceano
902 375 1000 426 cimbri

92 462 197 507 teuent,
214 467 292 515 parva
304 466 371 498 uuus
386 452 487 509 civitas,
502 450 546 497 sed
557 449 640 514 gloria
652 452 756 515 ingens:
773 451 913 512 veterisque
927 446 999 496 lamas

91 521 145 570 Isti
153 524 260 586 vestigia
268 536 386 584 manent,
398 524 500 587 utrique
510 523 565 587 ripis
575 534 654 571 eastra
664 557 670 573 .
682 538 710 570 uc
722 524 815 587 spatia,
829 538 937 585 quorum
946 539 1002 570 um·
1045 581 1051 590 ι

97 593 158 656 bitu
167 612 232 644 nunc
241 591 342 659 quoque
353 598 463 644 metiaris
471 597 565 644 molem
574 610 710 660 manusque
721 596 815 659 gentis,
826 605 851 641 et
859 607 909 641 tarn
919 594 1004 658 magni

100 670 226 716 exercitiis
237 668 323 716 fidem.
340 670 556 718 sexcentesimum
569 680 595 716 et
609 667 825 732 quadragesimum
837 684 931 715 aunum
943 667 1004 717 urbs

101 751 190 787 nostra
199 743 303 805 agebat,
313 758 393 805 quum
405 735 517 806 primirm
528 741 688 789 Cimbrorum
696 740 779 788 audita
790 753 937 803 suntarrua,
950 740 1006 788 Cte-

101 813 161 859 cilio
173 811 277 861 Metello
288 831 316 861 sc
329 814 431 880 Papirio
445 814 562 863 Carbone
571 832 636 863 coss.
647 814 684 863 Ex
699 830 749 878 quo
763 813 782 861 si
792 813 823 860 ad
835 814 943 862 alterum
951 813 1003 861 im·
1062 813 1068 818 ’

97 887 226 950 peratoris
236 886 339 949 Traiani
354 886 514 936 consulatum
523 897 714 951 computemus,
726 886 829 934 ducenti
841 886 917 933 ferme
927 897 952 932 et
964 883 1004 933 ‹Ie-

97 971 154 1005 eem
170 959 230 1006 anni
244 960 407 1025 colliguntur.
428 959 538 1008 Tamdiu
557 960 692 1009 Germania
708 960 827 1007 vincitur.
846 956 934 1007 Medio
953 970 1005 1007 tum

95 1029 222 1094 longiori
233 1033 315 1095 spatio
323 1031 421 1086 ,tmutu
433 1033 542 1082 invicem
554 1032 644 1080 damna
654 1049 661 1081 :
672 1048 723 1080 non
734 1033 845 1090 Samnis,
857 1047 908 1081 nou
919 1031 989 1080 Poeni
995 1067 1004 1092 ,

96 1119 149 1151 uon
161 1103 303 1168 Hispanis,
317 1105 455 1166 Galilaeae,
469 1122 501 1154 ne
515 1106 602 1155 Parthi
619 1104 721 1170 quidem
735 1102 821 1170 sepitis
833 1103 1003 1152 admonuere:

18 1179 32 1198 ¹*
96 1177 192 1242 quippe
202 1193 280 1240 regno
288 1176 390 1228 Arsacis
400 1182 482 1227 aerior
493 1192 531 1228 est
541 1181 726 1228 Germanorum
733 1177 846 1227 libertas.
857 1177 926 1242 Quid
936 1177 1005 1225 enim

98 1249 168 1297 alind
186 1250 261 1298 nobis
277 1250 353 1314 quim
364 1252 458 1301 endem
472 1252 573 1307 Crassi,
589 1254 680 1300 amitto
698 1265 723 1300 et
742 1253 795 1318 ipse
811 1241 923 1308 Pacoro,
940 1249 1005 1302 infra

99 1319 250 1370 Ventidium
262 1321 375 1387 dejectus
391 1325 484 1373 Oriens
496 1323 620 1388 objecerit
631 1321 643 1372 Ρ
654 1326 689 1372 At
703 1323 824 1372 Germani
837 1325 965 1378 Carbone,
978 1331 1005 1370 et

99 1393 200 1452 cassio,
220 1407 246 1444 et
262 1396 356 1444 Scauro
372 1396 496 1454 Aurelio,
510 1408 536 1446 et
556 1398 665 1445 Servilio
684 1399 818 1464 Cepione,
835 1399 883 1446 Cn.
902 1411 1003 1461 quoque

67 1466 72 1475 ’
98 1466 196 1515 Idsnlio
204 1465 265 1516 lusis
275 1470 313 1516 vel
323 1469 413 1535 captis,
421 1472 533 1534 quinque
542 1470 619 1518 simul
628 1467 1004 1535 consulareserercituspopulo

96 1538 212 1586 Romano
222 1575 228 1597 ,
243 1540 341 1589 Varum
355 1554 456 1605 tresque
468 1558 526 1591 cum
537 1557 568 1588 eo
580 1541 693 1605 legiones
702 1543 778 1590 etiarn
791 1542 880 1590 Caesari
889 1538 1005 1589 abstule-

95 1622 157 1660 runt
171 1630 177 1659 :
191 1627 238 1659 neo
254 1614 358 1679 impune
376 1614 409 1664 C.
423 1614 521 1663 Marius
535 1616 563 1662 in
575 1611 662 1674 tutia,
683 1614 757 1663 divus
768 1615 851 1663 Julius
863 1618 889 1661 in
903 1610 1001 1671 Gallie,
1048 1640 1054 1644 -

96 1682 194 1733 Drusus
205 1700 234 1733 ao
248 1686 317 1734 Nero
334 1698 360 1734 et
374 1686 542 1735 Germanicus
553 1688 580 1735 in
592 1689 644 1734 suis
657 1705 701 1736 eos
716 1688 817 1737 sedibus
828 1686 1001 1753 perculerunt.

95 1757 157 1807 Mor
174 1758 289 1823 ingentes
301 1760 330 1809 C.
345 1760 445 1808 cesaris
458 1762 531 1808 mina
543 1763 571 1809 ln
582 1759 724 1810 ludibrium
734 1776 819 1809 verse.
831 1758 1001 1816 ludentium,

97 1829 177 1878 donec
195 1834 327 1882 occasione
346 1832 478 1882 discordie
497 1845 590 1883 nostrae
611 1846 637 1880 et
656 1835 770 1881 civi1ium
788 1848 933 1894 armorum,
953 1848 1001 1881 ex-

95 1910 214 1972 pugnatis
226 1909 355 1974 legionum
371 1909 500 1974 bibernis,
519 1909 596 1959 etiam
613 1910 709 1958 Gellius
726 1910 886 1966 affectarem,
902 1926 931 1957 sc
944 1906 1001 1958 riri·-

95 1975 141 2027 sirs
160 1980 228 2045 pulsi
252 1980 324 2042 inus,
342 1985 468 2050 proximis
486 1982 643 2050 temporibus
662 1983 809 2051 triumphati
824 1982 902 2046 mugit
922 1982 999 2045 quim

93 2062 156 2101 που
172 2065 243 2105 sunt.

129 2145 277 2196 XXXVIII.
291 2147 366 2197 Nune
381 2151 412 2199 de
423 2150 512 2206 Sueris
526 2147 662 2198 dicendum
674 2160 729 2209 est,
744 2162 851 2211 quorum
868 2162 919 2195 non
932 2162 996 2213 uns,

81 2231 128 2271 ,ut
142 2221 273 2270 Cattoruni
291 2224 527 2282 Tencterorumve,
540 2241 619 2291 gent:
636 2223 755 2288 majorem
772 2224 840 2271 enim
855 2221 996 2270 Germania

93 2303 190 2357 partem
204 2296 337 2360 obtinent,
355 2298 465 2363 propriis
482 2297 565 2346 adbuc
580 2298 725 2348 nationibus
736 2296 928 2359 nominibusque
940 2294 996 2343 dis·

92 2366 154 2413 creti
164 2383 306 2432 quanquam
320 2370 345 2416 in
357 2386 494 2419 commune
503 2370 589 2424 Suevi
595 2384 725 2421 vocentur.
736 2370 835 2435 Insigne
845 2369 926 2434 gentis
933 2366 996 2415 obli·

93 2453 170 2501 quare
181 2440 290 2503 crinem,
300 2441 419 2506 nodoque
433 2445 610 2508 substringere.
622 2445 662 2492 ste
675 2443 751 2491 Suevi
762 2442 775 2489 it
786 2446 875 2509 ceteris
887 2440 995 2494 Germa-

93 2511 148 2575 nis3
159 2513 195 2559 sic
206 2513 348 2561 Suesorum
359 2515 461 2579 ingenui
472 2517 486 2565 d
501 2520 580 2566 servis
589 2523 746 2585 separantur.
759 2517 788 2562 In
796 2516 854 2564 aliis
864 2515 993 2576 gentibus,

92 2598 136 2630 seu
148 2587 299 2648 cognatione
312 2587 391 2648 eliquit
403 2590 558 2651 suevorum,
574 2608 619 2639 seu
634 2587 717 2655 (quod
731 2586 793 2651 sept
810 2587 915 2650 accidit)
931 2585 994 2630 imi·

91 2656 204 2717 tatione,
215 2674 299 2704 ratum
311 2670 338 2708 et
346 2661 411 2709 intra
422 2662 530 2725 juteutae
539 2662 647 2727 spatium
656 2678 663 2724 5
673 2657 739 2722 apud
751 2658 861 2715 Suevos,
872 2669 950 2722 utque
960 2654 992 2703 ad

89 2728 226 2790 caniuem,
239 2728 382 2781 horrentem
399 2736 519 2800 capillum
535 2732 605 2782 retrd
617 2744 764 2794 sequuntur,
780 2747 809 2777 uc
822 2730 885 2795 sepi
897 2734 922 2779 iu
936 2731 992 2793 ipsu

89 2801 146 2869 solo
160 2804 252 2851 vertice
264 2803 386 2868 religant:
408 2808 534 2872 principes
551 2818 576 2852 et
591 2805 743 2851 ornatiorem
761 2802 869 2850 habeut:
888 2818 916 2850 ea
929 2817 991 2850 cura

37 2877 44 2890 ⁸
87 2870 187 2929 Iormae,
198 2874 241 2920 sed
251 2877 367 2927 innoxio.
377 2877 465 2943 Neque
477 2879 544 2927 enim
558 2890 586 2926 ut
598 2888 682 2925 ament
690 2887 851 2943 amenturre3
863 2877 889 2924 in
899 2874 990 2928 altitu·

87 2943 175 2992 dinem
185 2945 324 3007 quamdam
336 2960 362 2997 et
373 2961 508 3009 terrorem,
522 2948 823 3013 adituribells‚compti,
832 2961 861 2999 ut
875 2948 990 2998 bostium

78 3017 183 3071 oculis,
196 3031 328 3069 ornentur.

117 3107 240 3160 mlx.
257 3111 462 3167 Vetustissimos
473 3134 501 3167 se
510 3115 746 3185 nobilissimosque
754 3111 903 3167 Suevoruro
915 3112 988 3160 Sem·

83 3189 336 3234 nones'rnemorsnt.
356 3188 431 3237 Fides
454 3188 610 3253 antiquitatis
630 3189 752 3252 religione
770 3188 895 3235 firmatur.
916 3185 986 3231 Sttto

64 3309 67 3314 ,
83 3256 236 3321 temporeis
246 3259 336 3312 silvam
343 3297 351 3324 ,
363 3262 473 3328 auguriis
483 3272 585 3328 patruni
596 3269 622 3310 et
634 3259 716 3327 pinei
724 3258 861 3313 formidine
874 3272 985 3328 resersus,¹
