2234 3817
124 168 128 181 ι
158 143 210 194 414
478 156 502 193 c.
524 157 616 193 coru.
635 152 747 193 nscrrr

155 239 183 287 iu
203 236 346 306 prinpratn
363 235 415 300 ejus
438 236 600 301 vigilantior,
622 253 669 286 uec
691 235 795 303 perinde
811 237 943 303 prosperis
966 236 1048 296 socius,
1073 272 1074 307 3

158 312 235 378 quim
244 313 358 363 aduersis
369 313 517 360 abstractus.
834 314 839 334 ²
1073 312 1074 321 ¹

148 428 152 439 ,
190 389 237 435 ΙΠ.
253 387 347 436 lisdem
362 385 449 434 diebus
461 385 575 434 Lucilius
589 386 697 443 Bassus,
715 403 773 434 cum
785 385 910 453 expedito
920 387 1000 451 equite
1011 386 1052 445 ,ad
1073 382 1074 399 ³

157 461 359 526 componendam
374 460 537 525 Campaniam
548 461 676 508 mittitur:
694 461 856 509 discordibus
874 462 1053 526 municipiorum

157 535 261 593 animis,
270 533 346 598 magis
356 534 422 580 iuter
431 544 524 593 semet,
535 530 611 597 quiam
623 533 780 585 coutumacii
788 533 914 583 adversus
923 535 1053 600 principem·

157 608 221 655 Viso
232 608 313 657 milite
325 607 406 670 quies·
421 608 454 655 Et
464 606 608 654 minoribus
617 607 723 655 coloniis
735 609 892 672 impunitas:
906 609 991 673 Capua
1001 608 1054 672 legio

157 684 231 729 tertia
242 678 371 729 hiemandi
383 679 457 729 causi
469 681 575 735 locatur,
589 689 615 727 ct
627 678 717 728 domus
729 681 843 729 illustres
856 680 973 746 adflictae,
985 695 1054 744 quum

158 754 245 802 contria
254 755 449 804 Tarracinenses
463 753 534 802 nulla
544 769 593 818 ope
607 753 765 817 juvarentur.
775 753 867 803 Tanto
883 754 1010 820 proclivius
1023 762 1056 801 est

159 827 272 889 iujuriae,
283 827 360 893 quim
372 828 492 876 beneficio
505 820 585 875 ricem
597 829 726 877 exsolvere
737 846 742 878 :
755 830 813 892 quia
822 831 906 893 gratia
917 826 992 884 oncri,
1000 827 1056 875 ultio

160 907 188 954 iu
200 915 295 966 quaestu
311 901 428 951 babetur.
439 902 535 950 Solatio
545 901 593 950 fuit
607 918 692 949 servus
706 902 823 966 Verginii
838 902 983 968 Capitonis,
992 916 1056 964 quern

158 977 316 1045 proditorem
326 975 544 1025 Tarracinensium
555 973 679 1037 diximus,
690 977 808 1041 patibulo
817 976 935 1035 adlisus,
946 975 971 1023 in
982 973 1056 1022 iisdem

160 1052 276 1110 annulis,
290 1066 354 1113 quos
374 1062 490 1114 acceptos
508 1048 523 1098 a
543 1049 650 1099 Vitellio
667 1050 791 1113 gestabat.
812 1049 858 1098 Atv
869 1052 958 1097 Romae
974 1058 1059 1096 senatus

159 1135 250 1172 cuncta
260 1124 418 1188 principibus
428 1124 501 1171 solita
513 1123 669 1188 Vespasiano
684 1121 813 1180 decernit,
824 1124 854 1171 lae
859 1134 901 1172 tus
915 1133 940 1170 et
950 1122 1002 1186 spei
1011 1135 1057 1168 eer-

159 1208 201 1245 tus
214 1214 219 1243 :
232 1198 325 1261 quippe
336 1209 436 1262 sumpta
444 1191 490 1262 pe'r
501 1197 597 1244 Gallias
610 1197 794 1263 Hispaniasque
804 1197 893 1245 civilia
905 1211 987 1258 arma,
996 1193 1058 1240 motis

158 1269 294 1323 adbellum
304 1268 447 1333 Germanis,
456 1287 515 1318 mox
521 1269 636 1337 illyrico,
646 1284 780 1336 postquam
790 1272 944 1336 AEgyptum,
953 1262 1058 1319 iudaeus

160 1344 308 1408 Syriamque
318 1376 325 1400 ,
335 1353 361 1391 et
370 1346 453 1392 omnis
463 1344 608 1409 provincias
619 1346 796 1408 exercitusque
810 1344 995 1400 lustraverant,
1005 1339 1057 1386 velut

93 1406 96 1419 ’
162 1417 264 1481 expiato
277 1428 399 1465 terrarum
413 1418 489 1475 orbe,
503 1417 600 1484 cepisse
609 1420 686 1467 finem
697 1417 858 1467 videbantur.
875 1414 1006 1465 Addidtre
1020 1411 1057 1459 alt·

162 1491 277 1537 critatem
292 1492 442 1555 Vespasiani
454 1493 555 1550 littera,
566 1504 685 1556 tauquam
700 1503 818 1539 manente
832 1490 906 1538 bello
915 1489 1012 1552 scripta
1022 1501 1027 1530 :
1036 1496 1054 1528 tt

160 1563 244 1627 prima
253 1564 336 1628 specie
349 1565 427 1613 forma
438 1585 445 1613 ι
455 1565 568 1614 ceter-ism
586 1578 615 1613 ut
631 1567 748 1631 princeps
767 1564 935 1627 loquebatur,
948 1553 1056 1635 civiliads

155 1650 204 1691 se,
225 1647 250 1684 et
264 1637 405 1701 reipublicae
424 1638 519 1700 egregia
536 1653 542 1679 :
561 1652 613 1681 nec
623 1639 724 1683 senatus
738 1637 892 1698 obsequium
911 1633 1008 1681 deerat.
1020 1631 1060 1693 lpst

164 1724 180 1753 «
189 1709 335 1757 consulatus
344 1726 400 1768 euna
409 1709 467 1755 Tito
476 1707 527 1754 lilio
535 1741 541 1769 ,
553 1716 661 1770 praetura
675 1707 823 1754 Domitiano
838 1715 864 1752 et
875 1706 1013 1752 consulare
1021 1702 1057 1749 iut-

163 1783 263 1846 perium
275 1801 287 1829 n
303 1774 480 1832 decernuntur.

197 1854 244 1905 l'V.
259 1859 364 1907 Miserat
378 1870 405 1907 et
419 1856 553 1905 Mucianus
563 1856 681 1922 epistolas
694 1853 726 1902 ad
740 1863 852 1900 senatum
862 1888 869 1916 ‚
879 1852 935 1916 'quae
942 1849 1059 1899 materian

163 1931 325 1980 sermonibus
342 1931 470 1998 prebuere
484 1951 489 1980 :
507 1949 521 1981 a
534 1931 554 1979 si
566 1931 679 1997 privatus
690 1939 770 1984 esset,
781 1943 824 1974 cur
833 1925 940 1993 publice
956 1926 1057 1987 loquera-

162 2003 227 2051 tur?
239 2006 354 2070 potuisse
369 2007 474 2059 eadem.
492 2022 587 2072 paucos
605 2018 665 2072 poss
682 2004 747 2062 dies,
762 2002 820 2051 loco
834 1999 968 2050 sententia
981 1996 1056 2044 dieis:

162 2076 218 2140 ipsa
238 2095 338 2143 quoque
356 2082 489 2129 insectatio
505 2081 531 2128 in
548 2079 698 2136 Vitellium,
719 2092 772 2126 sera
792 2087 818 2122 et
831 2075 885 2123 sine
901 2059 1054 2149 libertate-'ll

159 2148 223 2204 ¹reri)
233 2168 290 2216 erga
305 2155 490 2216 rempublicam
507 2154 665 2217 superbum,
678 2166 735 2214 erga
747 2150 891 2215 principem
903 2140 1053 2193 contumelio·

162 2238 236 2287 sum,
248 2223 317 2287 quod
329 2242 343 2271 a
353 2226 379 2272 iu
392 2242 468 2274 manu
479 2226 524 2274 sus
540 2225 618 2274 fnisse
628 2225 782 2289 imperium,
795 2222 967 2282 donatumque
979 2215 1054 2276 vespe·

167 2294 259 2344 ¹sianou
273 2297 391 2358 jactabat.
407 2299 525 2348 Ceterum
541 2300 637 2347 invidia
651 2302 677 2346 in
688 2299 805 2362 occulto,
821 2296 935 2359 adulatio
950 2294 976 2340 iu
986 2292 1053 2352 apetl⁰

165 2378 254 2414 erant:
269 2368 351 2415 multo
367 2384 425 2417 cum
437 2370 533 2418 bonore
544 2371 681 2417 verborum
701 2371 840 2419 «Muciano
853 2363 1022 2432 triumphabat
1031 2354 1054 2401 (lt

160 2434 232 2485 bello
250 2439 320 2488 ciuili
338 2441 395 2490 data
408 2459 414 2489 :
425 2442 468 2490 sed
485 2459 499 2488 a
509 2441 535 2488 in
546 2442 672 2488 Sarmatas
686 2440 839 2505 expedition
863 2441 1003 2507 fingebatur·
1013 2427 1055 2508 A}

166 2508 261 2558 duntur
272 2513 382 2562 «Primo
399 2512 510 2562 Antonio
526 2512 687 2570 consularia,
705 2513 826 2560 Cornelio
845 2514 947 2568 Fusco,
962 2519 983 2555 et
995 2503 1055 2580 Arft⁰

148 2582 250 2659 ..Veros
270 2589 386 2652 praetoria
396 2587 504 2653 insignia
512 2603 538 2635 u.
552 2584 616 2634 Mox
627 2585 688 2633 deos
700 2587 832 2652 respexere
846 2624 852 2646 ,
866 2586 970 2642 restitui
981 2577 1055 2644 pl³⁰l¹¹l

168 2657 344 2723 Capitolium.
353 2664 437 2728 anue
447 2662 532 2711 omnia
544 2660 665 2708 Valerius
678 2660 803 2710 Asiaticus
813 2662 917 2719 ,consul
928 2656 1054 2730 designatus,

167 2736 266 2782 censuit
275 2755 280 2783 τ
289 2739 368 2786 ceteri
378 2738 449 2791 vultu
455 2752 581 2800 manuque
591 2751 596 2782 :
609 2733 684 2799 pauci
692 2771 698 2793 ‚
707 2734 800 2797 quibus
807 2736 939 2800 conspicua
949 2728 1052 2790 dignitas,

171 2818 216 2875 aut
233 2809 363 2875 ingenium
380 2812 523 2860 adulatione
536 2811 673 2857 exercitum
683 2809 851 2873 ,compositis
863 2801 1011 2854 orationibus
1024 2806 1054 2839 υ·

172 2885 356 2940 sentiebantur.
367 2888 418 2935 Ubi
428 2886 459 2934 nl
469 2884 617 2934 Helvidium
631 2883 744 2932 Priscum
754 2920 760 2942 ,
770 2895 897 2948 praetorem
909 2874 1052 2951 designatum,

94 2982 96 2986 ,
168 2969 290 3014 aerarum,
308 2962 435 3025 prompsit
445 2959 595 3008 sententiam
608 2994 615 3015 ,
629 2969 659 3006 ut
671 2957 834 3006 honorificam
848 2957 872 3003 in
890 2953 982 2999 bonum
997 2955 1052 3009 prtss‘

114 3062 119 3070 »
172 3030 272 3095 cipem,
292 3034 325 3079 ita
343 3036 404 3082 laisa
419 3035 540 3097 aberant3
555 3045 581 3080 et
599 3032 689 3080 studiis
701 3030 801 3080 senatirs
818 3026 982 3077 attollebatur.
997 3020 1053 3077 laqus

170 3105 311 3168 praecipuus
320 3107 358 3153 illi
371 3108 439 3167 dies,
449 3124 544 3172 maguae
556 3106 655 3155 olieusae
666 3108 767 3156 initium
777 3116 815 3162 ,et
823 3110 913 3167 magua
924 3089 1051 3175 glorianlurt·

204 3177 238 3228 V·
257 3181 308 3225 Res
321 3196 426 3243 poscere
439 3182 554 3241 ridetur,
568 3182 626 3243 quia
639 3178 731 3228 iterum
743 3183 768 3227 in
778 3179 929 3226 mentionem
940 3164 1053 3242 insinno}

172 3248 230 3309 viii,
243 3249 331 3315 saepius
343 3254 512 3312 memorandi,
522 3266 551 3300 ut
560 3254 639 3300 vitam
649 3252 781 3316 studiaque
789 3251 851 3315 ujus,
864 3261 888 3299 st
898 3243 960 3312 quali
972 3240 1051 3287 torinna

176 3323 210 3368 sit
221 3339 296 3382 usus,
307 3325 395 3388 paucis
408 3336 529 3389 repetam.
542 3325 676 3374 Helvidius
688 3323 795 3383 Priscus,
804 3325 905 3388 regione
914 3315 995 3393 tratis,
1004 3306 1052 3352 w

172 3393 261 3467 racinse
270 3397 422 3463 municipio,
437 3398 527 3451 crucio
536 3409 625 3465 patre,
637 3400 682 3465 qui
693 3397 805 3453 ordinem
816 3394 936 3464 primipili
945 3385 1048 3438 dunusci,
