2234 3817
462 104 641 145 scarensi.
750 165 757 172 ¹
955 107 1004 164 297

57 211 60 216 ⁴
97 186 162 239 bant
173 199 269 252 :atque
280 184 319 236 illi
334 184 412 235 modb
426 190 493 236 cauti
505 206 534 236 ac
547 191 673 250 saplentes
682 225 688 246 ,
698 190 810 253 prompti
820 199 877 253 post
885 189 1004 238 eremum

99 278 131 311 au
140 263 295 326 magniloqui
303 272 386 309 erant.
397 260 556 324 Iniquissima
566 263 616 310 liae
624 263 749 311 bel'orutn
757 264 870 312 conditio
877 277 923 326 est,
933 281 1005 328 prosf

97 353 158 401 pera
173 351 263 383 omues
275 334 322 382 sibi
337 332 483 389 vindicant,
502 333 606 380 adversa
617 337 660 382 uui
673 333 838 399 imputantur.
848 336 883 385 At
891 338 1006 385 Brittium

96 425 149 457 saon
160 411 269 468 virtute,
286 406 331 474 sed
340 405 470 453 occasione
483 416 510 470 et
521 419 575 453 arte
588 406 659 455 duris
672 409 733 466 rati,
746 408 809 457 nibil
820 426 852 458 ex
862 409 1004 474 arrogantil

88 459 241 538 remittere,
253 480 389 544 quominus
396 480 560 538 iuventutem
577 492 717 534 armarent
733 481 852 546 conjuges
867 500 895 531 ao
911 484 1004 531 liberos

94 556 123 604 in
136 557 190 606 loca
202 567 256 603 tuta
263 550 446 601 transferrent
456 555 563 600 coetibus
572 570 600 601 ac
607 555 735 602 sacrificiis
744 557 958 620 conspirationem
968 556 1003 603 ci·

93 631 206 678 vitatum
215 629 341 675 sancirent
352 641 358 670 z
368 635 443 686 atque
455 625 488 670 iu
504 624 607 673 irritatis
617 628 745 690 utrimque
754 630 845 682 animis
855 629 1002 677 discessum.

129 699 250 749 XXVIII.
263 697 358 745 Eidem
368 707 451 744 testate
461 696 553 744 cohors
562 697 711 762 Usipiorum
720 716 764 764 per
774 701 924 750 Germanias
930 715 1005 748 cons·

98 773 193 837 cripta,
204 774 230 818 in
239 772 396 819 Britanniam
403 771 545 836 transmissa
554 806 561 824 ,
572 786 690 833 nraguum
698 789 727 819 ao
736 774 900 821 memorabile
907 773 1004 821 facinus

98 862 161 893 ausa
171 856 217 891 est.
229 846 319 891 Occiso
328 843 476 890 centurione
486 858 514 888 ac
523 843 646 894 militibus
655 881 661 896 ,
672 847 714 909 qui
723 846 755 892 ad
768 846 915 894 tradendam
925 846 1004 894 disci·

97 920 196 985 plinam
212 919 322 965 immisti
334 917 486 980 manipulis,
501 920 647 981 exemplum
668 932 693 966 et
709 932 820 967 turtures
832 919 1003 980 habebantur,

95 1004 150 1041 tres
159 992 322 1049 Liburnicas,
334 990 430 1038 adactis
439 1006 483 1053 per
496 994 548 1036 va
559 992 786 1055 gubernatoribus,
800 991 965 1040 adscenddte·
978 1001 1006 1038 et

95 1084 150 1115 uuo
171 1067 325 1128 remigante,
339 1065 464 1127 suspectis
484 1061 598 1120 dunlrus,
618 1062 697 1127 edque
714 1064 867 1126 interfectis,
890 1064 1004 1113 nondum

49 1185 54 1188 .
96 1141 202 1203 vulgato
220 1151 334 1197 rumore,
348 1149 376 1185 ut
394 1137 546 1184 miraculum
558 1137 777 1201 provehebantur:
796 1156 854 1186 mox
866 1137 912 1186 htc
928 1149 1004 1199 atquc

96 1204 229 1277 illarapti
243 1224 334 1262 etcum
345 1212 473 1276 plerisque
482 1209 661 1259 Bi'itaunortun
672 1230 715 1259 sua
725 1209 907 1261 defensantium
916 1211 1003 1276 prelio

98 1288 225 1348 congressi
233 1323 240 1341 ,
248 1303 277 1333 ac
285 1285 348 1351 sepi*
358 1286 477 1346 elctopes,
488 1285 625 1348 aliquando
634 1287 710 1352 pulsi,
720 1286 751 1335 ei>
761 1286 793 1334 ad
800 1299 941 1354 extremum
950 1286 1004 1331 iuo-

98 1358 148 1422 pta
159 1355 265 1416 venere,
278 1371 307 1407 ut
323 1359 507 1406 infirmissimos
519 1375 637 1416 suorum,
650 1375 710 1406 mox
727 1372 794 1416 sorte
813 1359 902 1407 ductos
916 1372 1004 1403 resce-

98 1440 187 1478 reutur
200 1449 206 1479 :
219 1444 292 1494 atque
304 1431 339 1479 ita
353 1432 519 1479 circumvecti
528 1433 701 1487 Britanniam,
712 1434 810 1481 amissis
820 1450 864 1498 per
878 1432 1004 1479 inscitiam

99 1504 204 1566 regendi
213 1506 334 1566 naribus,
349 1522 396 1570 pro
408 1504 568 1570 pradonibus
579 1506 669 1562 babiti,
681 1506 792 1570 primitur
803 1507 816 1554 ὶι
828 1508 930 1560 Sueris,
943 1519 1005 1551 mox

97 1575 114 1624 d
126 1577 213 1625 Frisiis
226 1580 358 1641 intercepti
375 1590 436 1626 sunt
449 1597 455 1623 z
473 1594 502 1625 ac
512 1576 597 1636 fuere;
611 1594 675 1640 quos
685 1594 731 1641 per
742 1580 892 1628 commercia
905 1594 1005 1625 renuu-

99 1650 182 1708 datns,
195 1664 219 1699 et
230 1653 254 1699 in
264 1662 377 1699 nostram
389 1669 465 1715 usque
476 1653 557 1717 ripam
571 1655 712 1704 mutatione
722 1656 861 1702 ementium
871 1652 1007 1711 adductos,

98 1724 223 1773 indicium
234 1728 298 1773 tanti
307 1725 378 1772 cattle
389 1727 531 1774 illustravit.
543 1726 621 1774 Initio
627 1727 854 1792 estatieAgricnla,
864 1725 1003 1772 domestico

98 1795 203 1851 vulnere
213 1798 290 1852 ictus,
303 1814 370 1845 anno
378 1798 435 1846 ante
442 1811 529 1846 natum
538 1798 619 1846 lilium
626 1799 720 1847 amisit.
731 1803 813 1862 Quem
821 1815 906 1846 casum
912 1813 1004 1861 neque,

97 1880 128 1915 ut
140 1870 251 1932 plerique
265 1869 404 1917 fortium
382 1888 419 1917 ιιι
422 1888 510 1926 arum
520 1871 652 1918 ambitiose
659 1887 757 1933 ,neque
768 1889 811 1935 pet
823 1872 932 1919 lamenta
944 1886 1004 1917 rur·

78 1997 80 2000 ¹
101 1942 145 1988 stis
154 1958 182 1989 ac
193 1958 325 1991 maerorem
336 1944 494 2014 muliebriter
504 1942 578 1990 tulit:
590 1953 616 1990 et
625 1943 652 1990 in
661 1944 731 1991 luctu
741 1945 852 1993 bellum'
847 1956 911 1991 tuter
919 1960 1004 1993 rente-

99 2165 343 2227 maguumetincert
398 2175 522 2211 terrorem
532 2160 638 2215 laceret
652 2162 908 2228 expeditoesetcitu,
919 2164 1004 2210 culex

99 2236 225 2284 Britannis
234 2235 354 2284 fortissim
395 2246 421 2283 et
408 2238 504 2310 louglt
514 2253 574 2302 pace
585 2239 728 2302 exploratos
737 2234 882 2292 addiderat,
890 2235 923 2283 ad
933 2251 1004 2288 mon·

101 2319 154 2356 tem
164 2309 314 2374 Grampium
326 2311 454 2375 pertenit,
466 2327 542 2374 quem
555 2312 603 2371 iarn
616 2310 700 2368 hostes
711 2310 861 2359 insederant.
871 2311 935 2358 Nam
945 2310 1004 2358 Bri

99 2380 184 2436 tanui,
196 2382 259 2429 nibil
277 2380 351 2431 fracti
369 2399 456 2449 pugne
470 2384 560 2448 prioris
571 2396 678 2445 eventu,
691 2397 717 2431 et
728 2384 850 2430 ultionem
866 2395 910 2431 aut
920 2384 1003 2432 serri-

99 2454 163 2502 tium
176 2468 366 2519 exspectantes,
379 2456 529 2520 tandemque
546 2458 614 2505 tincti
632 2473 767 2505 commuue
784 2458 925 2520 periculum
940 2472 1003 2504 cou

73 2571 78 2576 ,
96 2526 185 2574 cordia
191 2527 400 2612 propulsandum
407 2530 576 2594 legattourbus
583 2545 607 2579 et
614 2529 1004 2580 loedettbusommumctrttatum

97 2602 166 2648 vires
175 2614 332 2654 exciverunt.
345 2602 451 2664 lamque
463 2619 538 2665 super
548 2604 651 2686 trigiam
664 2604 745 2649 millia
755 2612 909 2650 armatorum
919 2599 1005 2664 ampl

98 2673 251 2726 ciebantur,
261 2686 287 2721 et
295 2673 510 2723 adhueadtluebat
520 2678 603 2723 omnis
612 2677 742 2737 iuventus,
753 2684 778 2720 et
786 2672 878 2734 quibus
886 2670 963 2719 cruda
975 2689 1004 2720 ao

74 2749 77 2758 '
100 2742 192 2791 ritidis
206 2758 337 2805 senectus,
356 2751 417 2797 clari
428 2752 509 2812 bello,
527 2766 555 2796 ac
574 2751 736 2811 antiquisque
752 2746 841 2795 decora
859 2756 983 2830 gestantes
996 2739 1019 2794 :⁴

99 2832 182 2880 quum
197 2818 264 2866 inter
280 2822 366 2884 plures
385 2822 463 2872 duces
484 2824 578 2872 virtute
597 2834 621 2870 et
640 2837 730 2886 genere
747 2829 880 2884 prestans,
902 2820 1004 2868 nornine

101 2888 244 2955 G,algacus
261 2894 328 2959 apud
344 2909 500 2945 contractam
511 2895 702 2948 multitudinem
719 2895 834 2960 praelium
845 2904 1005 2959 poscentem,

102 2963 129 3011 iu
141 2961 208 3011 bunc
220 2966 327 3015 modum
339 2969 440 3017 locutus
451 2968 548 3018 lerturr
978 3003 980 3008 ·

111 3036 219 3086 XXX.
233 3040 377 3101 «Quotiens
390 3060 476 3092 causas
483 3045 544 3092 belli
556 3055 582 3093 et
592 3023 767 3092 decessitatem
774 3052 887 3091 nostram
897 3042 1004 3101 intueor,

100 3125 209 3173 magnus
233 3115 297 3164 mibi
321 3119 419 3164 animus
443 3124 497 3172 est,
520 3111 672 3166 hodiernum
693 3116 778 3178 diem,
807 3132 1006 3181 consensumque

98 3196 222 3238 vestrum,
230 3186 331 3237 initium
343 3190 470 3239 libertatis
481 3195 559 3239 totius
570 3193 705 3239 Britannia
717 3191 780 3238 l'ore.
788 3190 852 3238 Nam
863 3201 888 3237 et
896 3194 1006 3241 universi

96 3258 232 3306 servitutis
246 3273 379 3326 expertes
390 3273 416 3310 et
426 3262 500 3309 nullae
512 3258 678 3318 niuster-tre,
689 3279 718 3309 ao
729 3279 761 3309 ue
772 3278 840 3310 mare
851 3266 952 3327 quidem
963 3280 1005 3310 se

95 3342 200 3400 turum,
208 3346 358 3387 imminente
364 3336 438 3390 uolut
447 3335 525 3409 elates
535 3334 663 3388 Romani:
673 3335 709 3389 ita
722 3332 917 3456 preliptqarque
926 3351 1005 3398 rima,

100 2013 236 2139 &XXIX
250 2083 328 2173 Igitur
342 2021 470 2284 {emim
488 2088 583 2147 classe,
599 2105 653 2153 qute
670 2087 785 2156 pluribus
801 2088 863 2136 lenis
879 2084 1004 2153 praedrta,
