2234 3817
135 99 185 149 282
311 95 329 110 ”
362 90 366 96 ’
454 107 478 145 o.
496 90 590 144 cons(
604 104 719 144 ruerat

135 206 225 240 omnes
239 190 354 255 eiusdem
368 188 494 252 sanguinis
512 188 600 252 populi
619 188 787 253 legationibus
801 198 907 246 coeunt,
927 203 1052 260 cqsoqns

134 266 234 332 publice
248 265 350 313 homine
365 264 494 311 celebrant
508 261 610 311 barbari
620 261 684 312 ritirs
701 261 823 316 horrenda
834 263 988 328 primordia.
1003 266 1052 314 Est

136 350 163 387 ct
173 338 221 385 elia
234 338 292 386 loc'o
303 336 454 384 reverentia.
465 336 550 383 Nemo
562 335 611 384 nisi
624 335 726 383 vinculo
738 336 831 399 ligatus
842 332 1007 399 ingreditur,
1023 347 1052 386 ut

136 412 231 471 minor,
246 395 435 475 etipoteritarem
452 409 564 474 numinis
577 426 627 474 pra²
644 426 670 457 se
685 408 783 456 ferens:
797 408 818 456 si
830 406 894 457 forte
909 412 1051 475 prolapsus

136 496 189 540 est,
201 484 284 531 attolli
297 494 322 531 et
333 483 464 546 insurgere
481 479 548 529 baud
559 482 658 530 licitum
669 499 675 528 ι
688 497 734 546 per
746 480 852 530 humum
864 484 1028 532 evolvuntur
1042 502 1049 532 τ

136 561 215 622 eoque
226 557 309 605 omnis
320 554 468 620 superstitio
479 555 600 619 respicit,
613 559 732 619 tanquam
745 554 803 603 inde
815 556 887 603 initia
898 559 1000 619 gentis,
1012 558 1051 606 ibi

123 642 250 696 regnator
264 626 378 678 omnium
393 627 470 687 deus,
482 638 567 675 cetera
586 628 697 693 subjecta
713 639 789 691 atque
804 630 929 692 parentia.
945 628 1051 692 Adjicit

136 704 314 751 auctoritatem
336 702 437 749 fortuna
456 699 631 750 Semnonum:
655 712 757 749 centum
777 703 848 766 pagis
872 700 1049 751 habitantur:

134 792 275 841 magnoque
286 791 391 841 corpore
401 775 516 830 efficitur,
527 787 557 823 ut
564 792 590 823 se
600 776 739 826 Suerorum
752 787 828 842 caput
838 776 951 825 credant.

166 870 227 920 XL.
239 870 336 921 Contrir
345 870 525 936 Langobardos
537 872 649 937 paucitas
659 867 781 920 nobilitat
791 909 798 934 ‚
807 869 876 934 qudd
887 870 1010 935 plurimis
1021 882 1051 916 ac

134 946 313 995 valentissimis
328 943 474 992 nationibus
488 945 580 1003 cincti,
594 960 645 990 uon
655 960 702 1008 per
716 944 883 1006 obsequium,
898 942 943 990 sed
954 943 1052 1008 preliis

135 1032 161 1069 et
171 1015 341 1083 periclitando
352 1017 403 1079 euti
415 1025 483 1062 suot.
496 1015 620 1080 Reudigni
632 1014 724 1068 deinde
738 1027 764 1063 et
775 1016 901 1074 Aviones,
913 1028 940 1063 et
954 1015 1051 1080 Angli,

135 1090 276 1154 etharinL
289 1099 315 1135 et
331 1086 447 1135 Eudoses
458 1122 465 1143 ‚
483 1098 509 1133 et
519 1087 674 1146 Soandones,
690 1100 717 1136 et
728 1087 886 1151 Nuithones,
897 1087 1052 1136 fluminibus

134 1172 178 1213 aut
196 1162 268 1210 silvis
285 1160 452 1209 muniuntur:
473 1176 519 1209 neo
537 1159 677 1225 quidquam
693 1160 805 1210 notabile
824 1164 849 1209 in
862 1160 984 1225 singulis,
1001 1160 1052 1207 nisi

135 1236 203 1302 quod
219 1238 245 1284 in
262 1249 396 1282 commuue
409 1233 553 1291 Hermum,
570 1233 595 1281 id
617 1246 673 1303 estp
689 1234 796 1283 Terram
813 1244 922 1281 matrem
939 1233 1051 1294 colunt,

135 1326 241 1372 eamque
252 1305 407 1366 intervenire
418 1306 492 1354 rebus
505 1304 656 1368 hominum,
668 1305 754 1355 'rorebi
766 1305 867 1371 populis
879 1301 1052 1352 arbitrantur·

102 1425 106 1435 ,
135 1383 182 1434 Est
191 1385 218 1430 in
227 1378 305 1430 insuta
316 1380 411 1427 Oceani
421 1388 518 1426 castum
531 1395 636 1434 nemus,
651 1379 811 1441 dicatumque
822 1378 847 1426 in
856 1393 888 1423 eo
898 1376 1051 1424 vehiculum

136 1467 204 1502 veste
218 1462 377 1502 contectum:
392 1450 516 1515 attingere
530 1453 575 1499 uni
593 1451 719 1504 sacerdoti
735 1465 890 1500 concessum.
909 1448 935 1496 Is
956 1448 1053 1497 adesse

136 1525 258 1593 penetrali
271 1524 343 1571 deam
355 1522 488 1585 inteiligit,
506 1536 655 1588 vectamque
671 1525 755 1573 bubus
774 1522 876 1571 sentinis
890 1520 973 1569 mutat
987 1534 1052 1569 cum

85 1599 86 1602 ’
134 1598 298 1659 ueneratione
308 1593 551 1661 prosequitur.Lati
564 1597 706 1658 tunc-dies,
719 1595 864 1650 feminea,
878 1607 1051 1657 quecumque

136 1672 249 1722 adventu
262 1667 421 1735 hospitioque
439 1666 567 1732 dignatm.
584 1672 642 1720 Non
652 1672 719 1719 belia
730 1671 832 1722 ineunt.
844 1683 895 1714 noo
913 1682 986 1715 arma
999 1684 1051 1717 sn·

138 1757 226 1814 munt,
243 1744 357 1793 clausum
369 1758 446 1791 omne
459 1740 555 1793 ferrum
568 1761 575 1793 r
591 1760 639 1808 par
655 1753 680 1788 et
691 1742 760 1803 quies
777 1751 838 1810 ¹surrc
850 1738 948 1787 tantdrn
965 1750 1032 1786 nora
1039 1774 1052 1800 ‚

138 1830 200 1868 tunc
215 1816 317 1870 tantum
331 1823 427 1881 amam,
447 1815 528 1866 donec
547 1816 612 1866 idern
635 1812 752 1874 sacerdos
768 1811 884 1860 satiatam
902 1826 1051 1858 conversa·

138 1894 207 1948 tione
215 1890 362 1948 mortalium
372 1889 445 1938 deam
458 1891 552 1955 templo
562 1887 652 1936 reddat
663 1904 668 1933 :
682 1901 742 1935 mox
751 1883 897 1933 uehiculum
906 1895 932 1931 et
943 1896 1033 1932 vestes
1039 1919 1049 1947 ,

93 1960 96 1965 ¹
138 1980 165 2016 et
185 1968 206 2014 si
221 1963 323 2014 credere
340 1965 416 2020 reiis,
429 1979 524 2012 numen
543 1964 627 2027 ipsum
642 1970 740 2010 secreto
758 1962 813 2008 iaco
833 1958 955 2020 abluitur.
974 1956 1052 2005 Servi

141 2042 299 2099 ministrant,
317 2055 380 2103 quos
392 2040 478 2088 statim
493 2036 560 2087 idem
578 2038 650 2086 incus
667 2036 764 2085 haurit.
785 2037 899 2083 Arcanos
918 2031 977 2079 hinc
991 2043 1053 2078 ter-

64 2132 71 2152 r
140 2130 200 2175 ror,
213 2124 347 2178 sanctaque
362 2112 516 2177 ignorantia,
530 2109 593 2175 quid
606 2111 640 2161 sir
652 2108 731 2167 iilud,
746 2106 814 2172 qood
827 2118 927 2155 uotum
941 2101 1054 2170 perituri

142 2186 239 2236 vident.

173 2278 242 2328 XLI.
262 2278 295 2326 Et
312 2276 365 2324 hac
384 2277 489 2341 quidem
508 2292 566 2341 pars
583 2277 724 2322 suevorum
742 2272 767 2317 in
784 2270 918 2319 secretiore
937 2271 1051 2320 Germa»-

141 2351 190 2398 niae
205 2337 349 2414 porrigitur.
366 2347 474 2416 Propior
486 2350 529 2412 (ut
537 2362 588 2408 quo
606 2345 685 2391 modo
702 2342 776 2408 patrib
793 2342 851 2389 ante
863 2342 997 2399 Rhenum,
1013 2342 1051 2390 sic
1074 2337 1078 2346 “

143 2438 210 2471 nunc
222 2417 368 2480 Danubium
385 2420 488 2485 sequar)
503 2418 739 2467 Hermundurorum
757 2416 859 2475 civitas,
880 2414 929 2463 fida
947 2417 1052 2462 Roma-

142 2497 197 2555 nis,
213 2495 293 2562 obque
312 2499 374 2549 solis
391 2498 575 2543 Germanorum
592 2506 644 2536 non
665 2490 691 2536 in
710 2486 763 2551 sipi
784 2490 987 2550 commercium,
1004 2484 1052 2535 sed

146 2573 263 2637 penitus,
286 2571 363 2638 arque
383 2572 408 2617 iu
428 2559 631 2627 splendidissimi
653 2562 740 2611 Raris
757 2564 897 2629 provinciae
920 2562 1047 2628 colonie:

143 2648 237 2713 passim
259 2659 287 2695 es
306 2647 358 2695 sinc
371 2634 480 2685 ‘custode
502 2645 655 2703 transeunt3
675 2648 701 2684 et
721 2652 800 2700 quum
824 2639 914 2685 ceteris
932 2636 1049 2701 gentibus

144 2735 213 2768 arma
232 2720 311 2769 modi)
328 2724 456 2776 castraque
472 2720 559 2759 nostra
576 2710 757 2769 ostendamus,
774 2709 816 2759 bis
835 2710 941 2768 domos,
961 2709 1048 2758 viliss-

145 2807 193 2854 que
211 2792 388 2857 patefecimus,
409 2803 463 2834 non
482 2784 731 2849 concupiscentibus.
750 2781 781 2831 In
803 2782 989 2832 Hennunduris
1003 2778 1048 2829 At»

145 2863 185 2911 bis
195 2870 283 2926 oritur,
293 2866 386 2911 flumen
397 2860 514 2909 inclitum
524 2870 548 2906 et
558 2872 650 2906 notum
661 2862 738 2907 olim:
750 2873 818 2905 nunc
825 2851 923 2904 tantiam
934 2853 1045 2916 auditur.

183 2956 266 3007 XLII.
286 2958 361 3005 Juxta
382 2953 574 3001 Hermunduros
595 2952 709 3008 Narisci,
728 2966 756 2998 ac
779 2947 870 2996 deinde
892 2943 1046 2994 Marcomani

147 3040 173 3077 et
188 3030 272 3093 Quadi
287 3039 373 3091 agunt.
389 3025 516 3089 Praecipua
529 3027 748 3073 Marcomanomm
764 3022 842 3086 gioria
858 3020 985 3080 vir-esque,
1002 3028 1045 3068 at-

147 3119 195 3165 que
211 3107 262 3167 ipsa
277 3102 354 3149 etiarn
365 3095 452 3152 sedes,
465 3099 544 3161 pulsis
554 3098 614 3145 oiim
627 3099 712 3152 Boiis,
726 3099 817 3146 virtute
827 3104 907 3157 parta.
922 3089 979 3137 Nec
991 3088 1045 3138 Na·

147 3176 207 3222 risci
228 3172 343 3237 Quadive
367 3169 528 3235 degenerent.
548 3171 635 3233 anue
656 3170 795 3218 Germania
816 3165 884 3212 reiut
902 3159 973 3212 frons
993 3172 1045 3212 est·

148 3243 270 3314 quatenus
287 3244 408 3293 Danubio
426 3245 551 3313 pergitur.
565 3243 750 3307 Marcomanis,
767 3238 913 3306 Quadisque
925 3229 1044 3303 usquead
