2234 3817
363 205 546 265 tartaria.
565 225 631 264 aaa.
649 228 703 265 ar.
745 190 750 198 ¹
806 213 810 222 '
941 209 992 270 aas

81 306 193 364 militum
207 308 306 369 arsere,
314 307 394 375 tnagis
405 310 498 375 insigni
506 306 632 377 prodigio,
648 310 707 373 quia
716 305 826 361 Putaui
835 307 916 361 hostis
929 313 991 366 ωἱο.

81 383 171 436 silibus
184 381 379 434 telisdecertat.

112 456 185 508 wit.
194 457 312 506 Ceterbm
324 454 418 512 Parus,
425 455 516 521 spretis
529 455 674 516 ominibus,
689 470 735 513 nec
746 454 807 504 dum
816 458 876 507 eatis
884 457 990 510 firmatis

79 529 272 586 hibernaculis,
288 528 360 576 nullo
378 528 417 576 rei
435 528 605 577 frumentaria
622 530 745 595 provisu.
765 534 832 595 rapit
851 525 993 581 exercuum

80 617 152 655 trans
161 617 276 654 montem
285 604 409 663 Taurum,
416 605 612 671 reciperando,
622 615 650 652 ut
660 600 765 663 ferebat,
776 606 992 671 «Tigranocertis,

80 677 262 742 vastandisque
277 674 439 740 regionibus,
454 691 516 739 quas
528 676 641 725 Corbulo
656 678 766 740 integrat
783 680 938 729 omisisset».
959 680 992 728 Et

46 777 69 800 x
83 761 158 816 capta
171 750 284 816 quadam
295 749 415 809 castella,
430 748 564 812 gloriaque
575 760 601 796 et
616 747 702 814 prada
715 751 830 798 nonnihil
843 765 958 818 partum.
970 755 992 802 ti

85 835 132 874 aut
144 826 249 888 gloriam
260 839 319 871 cum
337 817 432 877 modo,
446 832 490 870 ant
501 822 610 885 predam
623 823 752 889 cumcuri
767 824 904 874 habuisset.
922 826 992 874 Lon-

86 898 188 963 ginqui‘s
200 897 331 945 itineribus
339 893 525 961 percursando,
535 911 589 957 quar
597 896 706 944 obtineri
716 899 864 961 nequibant,
874 913 993 962 corrupto

87 969 132 1034 qni
141 966 229 1035 captus
239 982 292 1017 erat
299 980 442 1017 commeatu
447 976 458 1022 ’,
469 977 496 1014 et
506 968 615 1014 instante
626 966 781 1028 iambicam,
792 969 891 1018 reduxit
900 972 994 1019 exerci-

89 1054 162 1102 tum,
177 1042 369 1107 composuitque
387 1040 420 1089 ad
432 1043 552 1089 Gasarem
567 1039 664 1087 litteras
671 1075 680 1102 ,
692 1041 763 1104 quasi
778 1039 892 1090 conlecto
910 1042 994 1103 bello,

90 1114 175 1165 veihis
186 1114 342 1179 magnificis,
356 1113 442 1161 rerum
460 1128 560 1159 vacuas.

37 1184 43 1191 ’
96 1197 106 1210 “
126 1188 177 1237 ῙΧ.
187 1188 295 1237 Interim
302 1185 417 1237 Corbulo
424 1201 555 1248 nunquam
564 1182 703 1249 neglectam
711 1184 844 1248 Euphratis
852 1187 932 1252 ripam
938 1204 994 1236 cre·

86 1262 218 1312 latioribus
231 1260 352 1326 presidiis
365 1258 459 1309 insedit
470 1276 477 1307 ε
490 1269 529 1312 et.
541 1273 574 1306 ue
587 1259 660 1322 ponti
671 1258 806 1318 iniciendo
822 1260 994 1324 impedimen·

85 1350 146 1384 rum
162 1332 265 1382 hostiles
275 1345 362 1382 turma
372 1332 501 1384 adferrent
513 1331 579 1397 (iam
590 1333 657 1377 enim
671 1331 790 1392 subiectis
801 1333 993 1398 campiamagnd

10 1415 13 1418 '
86 1405 170 1472 specie
183 1406 352 1469 volitabant),
369 1422 446 1456 naves
459 1404 633 1470 magnitudine
647 1416 809 1469 praestantes.
825 1417 852 1456 et
867 1423 994 1460 connexas

84 1479 211 1537 trabibus,
222 1496 251 1527 ac
261 1478 373 1528 turribus
383 1492 478 1539 auctas,
486 1480 537 1543 agit
545 1495 592 1543 per
602 1493 715 1538 amnem,
725 1480 908 1545 catapultisque
916 1493 941 1531 et
948 1481 997 1534 bai

85 1554 152 1603 listis
163 1554 296 1620 proturbat
306 1553 441 1608 barbaros,
456 1556 483 1601 iu
495 1569 558 1615 quos
566 1569 626 1601 saxa
638 1566 663 1600 et
678 1552 752 1620 bastae
761 1552 862 1617 lougius
872 1572 992 1621 permane

82 1625 165 1684 bant,
181 1626 255 1694 quim
273 1638 302 1674 ut
318 1626 443 1675 contrario
460 1627 608 1690 sagittarum
628 1626 694 1688 jactu
710 1625 907 1689 adaquarentur.
926 1629 993 1678 Dein

82 1716 151 1767 pona
161 1700 336 1763 continuatus3
346 1697 471 1765 collesque
481 1697 582 1748 adver-si
592 1715 637 1765 per
648 1701 728 1769 socias
737 1698 856 1750 cobortes
863 1736 870 1755 ,
878 1700 938 1764 pdst
949 1701 988 1748 le-

83 1774 189 1839 gionum
202 1774 290 1822 castris
308 1784 479 1839 occupantur,
495 1773 565 1821 uati
579 1774 706 1822 celeritate
718 1785 744 1822 et
763 1775 931 1824 ostentatione
950 1774 991 1821 vi-

85 1846 167 1904 rium,
179 1857 209 1894 ut
223 1845 325 1901 Parthi,
337 1847 431 1897 omisso
443 1857 532 1912 paratu
545 1844 693 1894 invadenda
702 1846 794 1913 Syriae,
804 1862 876 1913 spem
889 1839 991 1897 omnem

90 1915 118 1966 in
127 1917 275 1967 Armeniam
283 1930 424 1970 verterent.

129 1988 167 2038 Xs
183 1989 223 2038 lbi
233 1990 328 2047 Paetus,
340 1988 528 2041 imminentium
539 1988 652 2043 nescius,
665 1991 779 2053 quintam
794 1990 921 2053 legionem
931 2005 994 2054 pro-

90 2063 135 2111 cul
145 2062 174 2114 in
187 2062 267 2113 Ponto
277 2064 399 2128 babebat5
408 2067 517 2128 reliquas
527 2064 677 2131 promiscuis
688 2063 798 2114 militnm
811 2062 994 2118 commeatibus
1051 2097 1061 2103 .
1110 2085 1113 2088 ·

39 2129 46 2148 ’
88 2134 278 2201 infirmaverat3
291 2128 371 2186 donec
378 2173 385 2202 ‚
397 2136 534 2184 adventare
545 2135 688 2199 Vologesen
699 2151 791 2200 magno
802 2148 828 2183 et
837 2131 933 2183 inlenso
947 2148 993 2197 ag·

91 2203 176 2264 mine,
185 2208 307 2258 auditum.
319 2210 424 2262 Accitur
435 2208 502 2273 legio
514 2207 679 2266 duodecima,
691 2220 729 2265 et.
744 2205 811 2255 uude
823 2204 916 2260 binam
928 2205 1014 2266 aucti·x

92 2278 219 2330 exercitiis
224 2283 376 2346 speraverat,
386 2281 485 2347 prodita
492 2282 657 2347 infrequentia
666 2297 673 2329 ε
681 2280 730 2346 qui
737 2292 820 2330 tamen
828 2279 932 2329 retineri
940 2294 995 2342 caa-

94 2363 146 2418 tra‚
156 2364 182 2402 et
192 2353 264 2417 eludi*
269 2353 379 2403 Parthus
393 2364 473 2402 tractu
484 2354 545 2403 belli
553 2366 669 2422 poterat,
679 2357 700 2403 si
711 2353 777 2404 Paeto
785 2366 830 2402 aut
841 2354 866 2401 iu
876 2356 928 2401 suis
934 2388 943 2413 ,
951 2365 996 2402 aut

89 2426 117 2478 in
127 2428 214 2477 alienis
225 2427 338 2477 consiliis
350 2429 489 2476 conuentia
503 2425 600 2476 luisset.
612 2426 708 2476 Variani
722 2428 765 2475 ubi
778 2425 793 2473 it
804 2427 863 2475 viris
878 2428 995 2475 militari·

88 2500 136 2550 bus
147 2500 270 2550 adversus
281 2512 400 2565 urgentes
409 2517 482 2549 maus
490 2502 603 2551 firmatus
614 2512 676 2559 erat,
691 2500 789 2558 rursus,
803 2515 834 2547 ne
846 2498 930 2546 alicae
942 2510 996 2547 sen·

88 2575 172 2628 tentia
184 2575 302 2641 indigens
318 2573 460 2633 rideretur,
476 2576 503 2624 iu
520 2575 620 2624 diversa
635 2591 664 2622 ac
682 2572 805 2620 deteriora
819 2571 949 2628 transibat.
963 2572 997 2619 Et

88 2659 151 2697 tunc
164 2647 259 2695 relictis
270 2646 381 2695 bibernis
388 2682 395 2704 ,
412 2664 486 2695 ‹tnon
499 2646 592 2711 lorsam
604 2659 685 2708 neque
696 2644 792 2690 ratium
803 2642 864 2696 sibi,
877 2641 922 2688 sed
937 2658 996 2700 eor·

88 2733 154 2783 pora
170 2729 196 2764 et
213 2732 283 2764 arma
298 2719 324 2764 in
335 2718 433 2768 bostem
446 2717 503 2766 deta
512 2736 527 2765 u
542 2718 691 2773 clamitans,
700 2713 773 2761 duxit
786 2712 896 2776 legiones
907 2748 914 2769 ,
925 2713 997 2776 quasi

89 2789 179 2856 prelio
191 2800 337 2839 certaturus.
348 2790 460 2850 Deinde,
469 2790 562 2838 amisso
570 2789 718 2836 centurione
728 2797 754 2832 et
764 2786 850 2849 paucis
857 2784 996 2854 militibus²
1047 2790 1050 2793 ’

90 2878 156 2933 quos
167 2863 278 2911 visendis
289 2861 401 2914 bostium
417 2865 497 2930 copiis
509 2862 680 2930 praemiserat,
695 2856 808 2925 trepidus
822 2858 953 2906 remearit.
964 2858 998 2908 Et

54 2995 56 3000 ,
89 2937 150 3002 quia
162 2934 248 2985 mimis
259 2939 349 2987 acriter
357 2940 496 3005 Vologeses
506 2940 645 2999 institerat,
662 2927 726 2986 rani
737 2948 824 2984 rursus
833 2930 939 2988 fiducii,
949 2932 997 2982 trie

89 3010 169 3059 millia
182 3008 275 3058 delecti
283 3011 377 3075 peditis
386 3013 503 3077 proximo
510 3012 588 3060 Tauri
600 3010 657 3075 iugo
669 3007 797 3074 imposuit,
804 3005 853 3072 quit
864 3005 998 3076 transitum

89 3085 159 3147 regis
169 3097 292 3133 arcerent.
303 3086 391 3135 alares
398 3077 998 3150 quoquel‘annonios‚robucequitattla‚inpai¹te

92 3159 176 3221 campi
186 3158 259 3207 locat.
273 3158 374 3221 Coniux
384 3177 412 3209 ao
423 3161 488 3213 lilius
499 3160 613 3217 castello,
624 3159 665 3207 cui
676 3156 836 3206 Arsamosata
844 3170 937 3204 nomen
946 3166 997 3212 est,
1054 3209 1058 3216 p

91 3229 174 3279 abditi
181 3264 188 3287 ,
195 3230 256 3280 dati
265 3233 291 3281 in
302 3233 451 3299 presidium
458 3226 563 3284 cohorte
571 3272 579 3297 ,
591 3229 623 3281 ac
630 3232 743 3295 disperso
753 3229 847 3285 milite,
857 3230 936 3299 quiin
947 3243 998 3275 uuo

90 3302 203 3367 bibims
214 3320 306 3370 vegum
312 3306 413 3356 hostem
422 3305 562 3372 promptius
567 3305 769 3372 susteptaaiaset:
780 3314 806 3351 et
812 3302 874 3366 agr'e
884 3299 999 3364 compnl·
1072 3333 1083 3351 ,

83 3389 149 3426 Μ*
161 3375 259 3436 ferunt,
275 3393 313 3430 utt
321 3381 459 3429 instantem
471 3380 608 3430 Corbuloni
619 3380 756 3427 fateretur:
769 3392 815 3425 nec
827 3375 840 3422 a
853 3372 997 3423 Corbulone

94 3459 273 3523 mimium,
286 3452 348 3522 quit,
355 3453 517 3523 elucentibus
524 3453 642 3523 periculis
646 3483 654 3520 t
664 3454 740 3505 etiaut
750 3446 855 3499 subsidii
863 3448 1002 3512 lausanae,
