2234 3817
367 212 604 254 nrsronrtuurr
625 176 690 260 sis,
709 187 747 259 rr.
808 237 810 243 =
958 215 1010 270 365

99 292 219 346 cobortes
236 295 290 344 un'a
311 296 430 355 tendere,
450 301 616 367 cb,veterem
636 307 756 357 adversus
774 314 1009 376 quartadecimanos

97 369 254 421 discordiam
267 387 272 416 ε
287 384 335 415 nec
348 368 407 426 diu,
421 371 447 419 iu
459 376 537 423 tantis
549 391 703 428 armatorum
716 382 794 444 odiis,
805 387 943 449 quiesfuitr
952 390 1008 441 Au.

93 457 174 512 gustae
188 445 374 500 Taurinorum,
392 445 452 492 duur
464 447 581 511 opificem
592 453 727 515 quemdam
742 457 849 508 Batavus
862 475 890 510 ut
904 464 1008 514 frauda-

94 532 182 570 torem
197 518 353 580 insectatur,
372 517 531 581 legionarius.
544 535 572 571 ut
591 523 717 591 hospitem
737 542 838 591 tuetur,
856 538 894 583 sui
915 540 1006 603 cuique

92 592 285 643 commilitones
297 592 438 653 aggregati,
452 591 467 639 ir
479 598 599 644 conviciis
610 593 642 646 ad
654 600 745 650 caedem
758 603 889 657 traundis:
903 621 928 657 et
940 629 1006 677 pre·

92 668 161 715 lium
173 676 244 714 atrox
252 662 370 724 arsisset,
380 664 406 710 ui
416 663 470 711 duze
482 672 603 732 praetoris
613 663 732 722 cohortes
738 712 746 734 ,
759 693 859 727 causam
869 685 1007 746 quartade.

91 742 257 792 cimanoruns
272 747 362 783 secute
369 736 431 795 „bis
446 738 581 808 fiduciam,
597 756 623 792 et
637 759 735 795 metum
751 750 853 801 Batavis
866 754 1003 809 fecissent:

94 827 208 876 «qucsu
227 809 347 857 Vitellius
366 814 546 875 «agminisuc
564 815 675 882 jungit),
691 833 720 869 ut
737 822 818 888 fidos3
837 829 1003 895 «legionem,
1057 855 1067 874 ι

94 883 182 934 Graiis
198 882 308 948 Alpibus
325 882 480 944 traductam,
496 904 527 935 ec
544 890 615 937 ssexu
634 892 730 943 itineris
748 896 807 945 iren
826 901 910 960 iubet,
928 921 1003 968 uqno

90 957 343 1014 Viennamvitarent
351 973 366 1003 n
381 974 386 1003 :
398 974 506 1022 namque
520 971 547 1008 et
559 955 717 1014 Viennenses
732 968 894 1022 timebantur.
906 977 1003 1035 Nocte,

90 1032 141 1099 qui
154 1028 363 1099 proficiscebatur
374 1028 455 1095 legio,
472 1034 566 1083 relictis
580 1041 675 1102 passim
688 1041 800 1104 ignibus,
819 1061 875 1109 pars
887 1050 1002 1098 Taurino

90 1106 198 1158 cclcuiae
209 1105 325 1151 ambusta
336 1119 342 1149 ε
353 1103 422 1167 quod
438 1106 571 1167 damnum,
584 1123 612 1158 ut
625 1112 745 1182 pleraque
755 1116 814 1164 belli
826 1120 904 1185 mala,
920 1115 1004 1186 majo-

90 1183 164 1231 ribus
185 1173 290 1225 aliarum
313 1176 415 1223 urbium
429 1178 551 1229 cladibus
572 1183 758 1235 oblitteratum.
780 1188 1001 1256 Quartadecimani

89 1264 228 1319 postquam
243 1247 351 1313 Alpibus
367 1249 478 1314 degressi
491 1265 568 1316 sunt,
585 1255 793 1308 seditiosissimus
808 1264 1000 1331 quisquesigna

92 1327 220 1376 Viennam
232 1322 363 1371 serebant:
379 1339 503 1374 consensu
519 1328 655 1379 meliorum
674 1338 829 1400 compressi,
847 1349 872 1386 et
887 1339 952 1405 legio
972 1343 999 1391 in

91 1399 247 1449 Britanniam
259 1408 408 1445 transvecta.
449 1395 456 1409 ²

126 1470 230 1519 LXVII.
242 1470 377 1526 Proximus
389 1470 494 1521 Vitellio
503 1472 517 1521 e
526 1476 652 1539 pretoriis
664 1467 813 1531 cobortibsis
827 1499 910 1536 metus
923 1502 994 1540 erat:

91 1548 201 1612 separati
214 1546 337 1612 primirm,
353 1545 443 1595 deiude
454 1586 461 1609 ,
473 1548 562 1599 addito
576 1550 686 1602 honestae
698 1556 825 1606 missionis
839 1561 997 1622 lenimento,

89 1636 163 1667 arma
178 1618 211 1666 ad
224 1618 340 1667 tribunos
360 1634 419 1667 suos
436 1617 581 1671 deferebant
596 1642 601 1669 :
616 1623 697 1672 donec
708 1629 995 1696 motumaVespasianc

88 1693 189 1760 bellum
198 1692 366 1745 crebresceret
377 1709 382 1738 ε
393 1703 459 1750 tum,
473 1697 601 1760 resumpta
614 1699 720 1759 militiai,
733 1703 810 1751 robur
818 1705 996 1766 Flayianarum

87 1772 201 1837 partium
216 1769 296 1817 fuere.
307 1770 391 1817 Prima
404 1770 567 1819 classicorum
581 1774 647 1837 legio
664 1777 688 1823 iu
703 1778 850 1842 Hispaniam
865 1785 953 1845 missu,
966 1790 997 1833 ut

86 1859 150 1909 pace
160 1855 186 1891 et
196 1843 249 1891 ctio
262 1841 409 1890 mitesceret
423 1859 429 1888 ι
443 1842 618 1908 undecimaac
630 1849 737 1909 septima
752 1851 802 1895 suis
813 1850 925 1902 hibernis
933 1854 995 1902 red-

84 1918 145 1966 ditae
160 1915 379 1964 :tertiadecimani
401 1927 499 1964 struere
517 1915 702 1980 amphitheatra
718 1918 780 1979 jussi
795 1938 801 1967 :
818 1939 876 1970 nam
892 1927 992 1976 Caectna

86 1991 234 2050 Cremona,
244 1987 336 2037 Valens
349 1987 484 2053 Bononiae,
495 1988 667 2053 spectaculum
681 1988 851 2052 gladiatorum
863 1994 935 2044 edere
944 2014 993 2062 pa-

83 2064 195 2114 rabant:
208 2079 336 2127 nunquam
351 2062 387 2111 ita
401 2060 433 2111 ad
448 2078 521 2111 curas
536 2061 634 2110 intento
651 2061 757 2115 Vitellio
763 2101 773 2126 ,
790 2076 819 2113 ut
830 2060 993 2134 uoluptatum

87 2138 288 2187 oblivisceretur.
923 2180 926 2187 ,
992 2178 994 2181 ,

100 2253 102 2256 ,
119 2209 242 2259 LXVIII.
252 2211 285 2274 Et
295 2209 400 2275 quidem
411 2221 496 2275 partes
505 2209 777 2261 modesti'distraxerat
787 2229 793 2261 :
804 2212 872 2279 apud
883 2215 997 2266 victores

86 2296 143 2334 crta
153 2284 251 2345 seditio,
261 2283 358 2332 ludicro
370 2283 458 2343 initio,
472 2283 520 2331 nisi
531 2301 654 2355 numerus
662 2302 783 2334 cesorum
792 2286 915 2337 invidiam
924 2290 995 2338 bello

12 2383 17 2392 ·
85 2359 206 2408 auxisset.
216 2357 388 2407 'Discubuerat
394 2358 516 2406 Vitellius
525 2359 623 2417 Ticini,
635 2357 749 2407 adhibito
760 2360 792 2408 ad
801 2361 886 2427 epulas
899 2364 993 2430 Vergi-

81 2435 137 2483 n'ic.
143 2433 230 2498 Legati
236 2431 426 2493 tribunique,ex
433 2431 547 2502 moribus
553 2433 905 2498 imperatorum,severitatem
914 2437 996 2487 remu?

81 2513 181 2574 tantur,
190 2509 232 2555 rel
241 2505 396 2571 tempestivis
406 2505 530 2554 conviviis
539 2506 778 2573 gaudents'perinde
787 2509 860 2556 miles
870 2512 992 2577 intentus,

81 2594 129 2632 aut
139 2573 246 2629 licenter
258 2581 319 2643 agit.
329 2577 406 2644 Apud
415 2580 550 2630 Vitellium
562 2581 648 2628 omnia
664 2580 828 2648 indisposita,
838 2585 990 2645 temulenta,

64 2662 69 2666 '
80 2655 226 2721 pervigiliis
235 2670 263 2700 ac
271 2651 481 2715 Bacchanalibus,
493 2652 570 2716 quam
580 2652 717 2717 disciplinae
728 2665 754 2700 et
765 2655 852 2701 castris
861 2657 990 2718 propiora,

80 2727 166 2791 Igitur
177 2725 275 2773 duobus
289 2725 426 2789 militibus,
442 2726 522 2774 altero
536 2725 644 2788 legionis
659 2724 768 2787 quintae,
783 2725 863 2773 altero
878 2725 891 2772 ὲ
909 2728 991 2779 Gallis

81 2798 264 2856 auxiliaribus,
273 2815 319 2865 per
326 2791 472 2860 lasciviam,
482 2791 514 2845 ad
523 2808 649 2845 certamen
660 2795 772 2845 luctandi
783 2798 892 2847 accensis
898 2835 906 2858 ,
916 2813 991 2866 poet.

78 2888 159 2937 quam
174 2872 326 2937 legionarius
340 2862 502 2939 prociderat,
521 2870 658 2919 insultante
679 2867 768 2931 Gallo,
784 2881 810 2917 et
829 2872 874 2933 iis,
894 2876 938 2937 qui
955 2876 989 2926 ad

77 2945 232 3013 spetandum
242 2959 429 3005 convenerant,
446 2948 472 2993 in
493 2937 576 2992 s'tudia
591 2943 719 3010 diductis3
734 2945 838 3010 erupere
857 2947 990 3014 legionarii

41 3024 45 3029 ⁴
77 3023 107 3071 in
125 3021 262 3084 perniciem
274 3023 442 3077 auxiliorum,
466 3034 495 3067 ac
517 3018 572 3065 duae
590 3017 707 3067 cohortes
724 3017 869 3069 interiecta.
882 3025 990 3074 Reme.

79 3092 154 3140 dium
172 3094 296 3141 tumultus
309 3092 359 3142 fuir
370 3094 434 3140 alius
446 3091 586 3141 tumultus:
604 3092 688 3157 pulvis
698 3092 798 3157 procui,
806 3125 810 3130 -
818 3105 844 3141 et
858 3111 927 3145 arma
939 3098 989 3146 ad-

79 3163 252 3229 spiciebantur
264 3185 269 3213 :
280 3167 465 3214 conclamatum
471 3165 580 3231 repente,
589 3157 990 3238 «quintamdecimamlegionem,

79 3258 155 3290 verso
166 3244 270 3306 itinere,
281 3244 313 3293 ad
323 3245 438 3312 pralium
448 3247 532 3292 venire
542 3260 557 3291 n
569 3262 575 3289 :
588 3241 632 3290 sed
643 3252 713 3290 eraut
724 3243 829 3306 agminis
837 3252 967 3293 coactores
981 3264 988 3293 ε

78 3315 160 3379 agniti
180 3306 313 3385 dempsere
337 3316 542 3376 sollicitudinem.
560 3316 666 3363 Interim
686 3315 798 3380 Verginii
817 3331 904 3363 servus
925 3316 990 3367 forti

80 3387 187 3449 obviuS,
198 3400 227 3437 ut
236 3407 251 3438 tt
260 3409 394 3458 percussor
406 3391 527 3440 Vitellii»
542 3388 702 3438 insimulatur
713 3406 718 3434 :
731 3400 755 3435 et
767 3388 855 3434 ruebat
864 3387 895 3435 ad
905 3392 992 3439 convi-

79 3457 152 3524 ‚vium
161 3462 237 3514 miles
243 3500 254 3529 ,
266 3464 690 3534 ‹intortemVergin‘ri»exposcent
698 3459 736 3513 Ne
744 3458 862 3592 Vitglips
871 3450 973 3525 quidem
979 3497 989 3524 ,
