2234 3817
111 118 160 172 aso
424 132 449 170 c.
469 132 563 171 corr.
581 124 701 173 rtem

111 228 250 282 capessere.
269 210 346 262 illum
361 213 489 280 primum,
505 215 592 262 Rome
603 226 705 285 ouum,
718 229 765 264 nec
781 208 899 268 obsident
909 230 917 280 ¹,
929 220 978 271 scd
988 222 1033 272 ci·
1088 200 1096 257 ἰ

110 303 185 346 rem,
196 286 231 334 ire
243 294 375 336 externum
383 285 416 333 ad
428 287 593 352 imperiumn.
604 291 641 334 Ac
651 287 734 353 primo
744 287 815 337 laetus
827 291 964 343 Germanis
973 295 1032 342 ad-

111 372 220 418 ventus,
233 371 308 424 atque
320 359 350 408 eb
358 359 454 424 magis,
471 358 541 423 quod
552 360 629 407 nullis
639 359 773 408 discordiis
788 362 902 412 imbutus
909 401 917 425 ,
929 370 988 431 pari
999 369 1032 416 in

113 451 202 487 omnes
212 435 296 485 studio
307 447 409 499 ageret,
420 435 541 483 celebrari
550 469 557 492 ,
567 435 630 495 coli,
641 433 720 483 modb
731 437 879 488 comitatem
889 450 915 487 et
926 450 1032 506 tempe·
1079 497 1090 511 N

111 510 222 560 tantiam
237 509 303 558 nulli
318 509 438 567 inrisam,
460 506 553 573 sepitis
567 510 733 557 vinolentiam
750 526 779 559 ac
799 511 937 576 libidines,
953 525 1041 577 grette·

114 583 242 647 barbaris,
257 600 391 651 usurpans.
401 583 507 648 Iamque
516 584 584 650 apud
592 586 740 649 prosimos,
756 585 804 647 jam
819 587 919 652 longuis
928 591 1031 639 clares-

114 671 171 703 cere
183 673 189 702 :
203 670 281 720 quum
292 657 432 722 potentiam
441 656 494 719 ejus
504 668 691 723 suspectantes,
703 659 749 721 qui
757 655 911 709 factionibus
924 663 1031 710 florue-

112 736 185 787 rant,
196 725 328 775 discedunt
339 727 371 775 ad
378 729 550 776 conterminos
558 730 678 794 populos,
688 746 716 776 ac
726 731 910 796 testificantur,
924 732 1032 782 «adimi

29 828 33 835 ,
115 809 227 848 veterem
238 799 377 849 Germanic
388 801 543 859 libertatem,
554 814 580 851 et
588 805 715 851 Romanas
729 820 791 869 opes
801 805 932 870 insurgere
943 824 949 854 :
962 808 1033 857 adeo

113 872 349 921 neminem'iisdem
359 875 385 921 in
399 874 471 921 terris
484 884 586 936 ortum,
597 878 641 939 qui
652 877 793 941 principem
807 878 892 926 locnm
904 879 1031 946 impleat,

112 945 163 994 nisi
174 946 340 1010 etploratoris
350 946 431 994 Flavii
439 948 570 1010 progenies
579 965 654 1011 snpra
665 961 771 997 cunctos
782 950 930 999 attollatur?
943 953 1030 1001 Frus-

114 1016 154 1066 nt
168 1016 312 1067 Arminium
325 1020 469 1086 prescribi:
483 1020 554 1081 cuius
566 1021 586 1067 si
596 1022 681 1080 lilius,
699 1022 784 1072 lrostili
796 1025 823 1070 iu
836 1024 891 1074 solo
902 1023 1029 1086 adultus,

59 1146 69 1153 α
116 1090 144 1138 in
154 1106 261 1156 reguum
270 1094 397 1151 venisset,
415 1107 488 1158 posse
501 1094 649 1159 extimesei,
661 1097 781 1146 iniectum
790 1096 910 1144 alimonio
920 1134 928 1156 ,
940 1096 1029 1147 servi·
1080 1158 1089 1165 x

116 1162 171 1220 tio,
184 1167 269 1223 cultu,
283 1168 401 1215 omnibus
413 1166 522 1217 externis
541 1186 547 1215 :
568 1179 595 1217 at
606 1171 627 1217 si
638 1185 742 1237 paterna
755 1170 841 1218 Italico
852 1170 924 1219 mens
939 1183 1030 1232 esset„

43 1246 47 1250 “
116 1250 169 1285 non
184 1239 261 1288 alium
271 1237 392 1288 insensitis
402 1255 471 1288 arma
488 1254 577 1290 contra
590 1246 736 1310 patriamne
747 1243 806 1293 deos
816 1256 939 1311 penates,
949 1244 1031 1311 quitus

117 1326 250 1381 parentem
261 1314 313 1377 eius
323 1315 463 1362 exercuisse
471 1330 496 1361 u.
712 1341 716 1345 ·
933 1342 936 1348 ·

151 1385 236 1434 XVII.
250 1388 296 1437 His
305 1399 380 1451 atque
392 1387 484 1435 talibus
494 1403 597 1452 magnas
607 1391 692 1455 copias
702 1391 816 1453 coegere.
830 1391 885 1440 Nec
896 1391 1034 1456 pauciores

117 1456 233 1507 Italicum
245 1461 431 1522 sequebantur:
447 1477 522 1508 «uon
534 1465 603 1511 enim
616 1463 734 1527 irrupisse
742 1461 774 1509 ad
784 1463 895 1519 invitos,
906 1461 950 1524 sed
961 1463 1033 1511 acci·

118 1541 195 1583 tumn
211 1531 386 1580 memorabant
397 1548 403 1580 a
419 1549 432 1580 u
440 1534 543 1597 quarrdo
554 1535 689 1585 nobilitate
699 1546 796 1583 ceteros
805 1537 928 1595 anteiret,
944 1537 1032 1582 virtu-

117 1615 170 1655 tem
182 1606 373 1669 experirentur,
385 1621 416 1652 an
426 1604 531 1670 dignum
544 1624 570 1656 se
580 1618 671 1672 patruo
682 1608 814 1664 Arminio,
827 1625 875 1655 erc
887 1609 1026 1656 Catumero
1056 1642 1059 1649 -

117 1679 261 1744 preberet:
279 1693 325 1726 nee
341 1689 439 1743 patrem
456 1680 562 1740 rubori,
579 1680 650 1745 quod
666 1682 740 1731 fidem
753 1678 873 1744 adversus
883 1682 1025 1737 Romanos,

65 1808 69 1809 ⁷
118 1751 262 1800 volentibus
272 1752 407 1800 Germanis
415 1764 559 1818 sumptam,
570 1770 698 1818 uunquam
709 1755 837 1800 omisisset
849 1768 856 1799 ε
869 1750 932 1801 ialsd
941 1751 1027 1798 liber-

118 1825 179 1874 tatis
187 1824 338 1874 vocabulum
352 1825 456 1873 obtendi
472 1826 503 1873 ab
512 1825 560 1888 iis,
571 1827 614 1890 qui
620 1825 739 1892 privatim
747 1825 883 1889 degeneres
891 1860 897 1879 ,
906 1824 933 1870 in
941 1823 1030 1888 publi·

110 1913 179 1948 ’cum
190 1898 306 1956 exitiosi,
315 1896 381 1947 nihil
390 1902 444 1965 spei
453 1936 460 1961 ,
469 1901 573 1966 nisiper
583 1899 721 1967 discordias
728 1899 840 1948 habeant
848 1914 875 1946 u.
888 1895 1031 1961 Adstrepe-

120 1973 165 2021 bat
171 1970 231 2021 huic
239 1972 320 2021 alacre
326 1973 415 2037 vulgus
424 1990 431 2038 3
442 1985 467 2022 et
477 1989 570 2037 magno
580 1975 646 2022 inter
655 1974 776 2022 barbaros
782 1971 874 2038 praelio
883 1971 965 2018 vietor
972 1985 1033 2034 rex,

82 2093 83 2097 ,
119 2043 180 2093 dein
192 2045 300 2095 secundi
310 2045 411 2094 fortunis
418 2046 449 2095 ad
461 2048 605 2110 superbiam
617 2046 914 2115 prolapsus,pulsusque
925 2059 969 2100 ,sc
977 2059 1034 2092 rur·

121 2118 166 2169 sits
181 2118 405 2189 Langobardorum
416 2120 507 2187 opibus
518 2120 640 2184 relectus,
656 2139 704 2189 per
716 2123 784 2183 lrete,
800 2137 846 2187 per
860 2118 980 2177 adverse,
991 2132 1032 2168 res

122 2191 259 2241 Cheruscas
268 2192 422 2244 adflictatus.
713 2212 721 2217 *

154 2264 254 2313 XVIII.
264 2266 313 2313 Per
327 2266 395 2316 idem
406 2279 505 2335 tempus
520 2266 617 2318 Chauci
626 2304 635 2325 ‚
645 2266 716 2314 nulli
725 2265 884 2313 dissensione
897 2264 981 2325 dorni,
1004 2273 1033 2312 et

122 2348 204 2389 morte
214 2338 343 2402 Sanquinii
355 2342 459 2403 alacres,
470 2341 531 2392 dum
541 2338 653 2397 Corbulo
666 2336 795 2391 adventet,
804 2336 949 2383 inferiorem
962 2334 1030 2382 Ger-

120 2411 233 2462 maniam
252 2412 426 2475 incursatur,
445 2416 509 2465 duee
529 2413 679 2464 Gannasco:
693 2413 737 2474 qui
753 2408 857 2456 natione
874 2405 1031 2472 Caninel'ss,

122 2485 251 2534 auxiliaris
262 2498 288 2535 et
299 2484 343 2535 diti
352 2492 473 2553 meritus,
484 2488 544 2555 prist
551 2483 693 2549 transfuga,
705 2483 804 2532 levibus
814 2481 921 2546 navigiis
930 2481 1029 2546 preda·

121 2558 223 2609 bundus
230 2596 240 2622 ,
251 2561 381 2612 Gallorum
390 2564 498 2612 maxime
507 2578 576 2619 oraru
586 2559 716 2614 restabat,
729 2559 783 2608 ison
796 2557 900 2623 ignarus
910 2592 916 2613 ,
927 2554 991 2603 dites
1004 2563 1033 2603 st

122 2633 238 2683 imbelles
245 2649 308 2684 esse.
319 2635 353 2685 At
360 2635 472 2685 Corbulo
479 2635 638 2703 provinciam
647 2628 775 2697 ingressus
782 2627 886 2692 ,magni
896 2644 953 2676 curn
962 2627 1032 2687 curti.

121 2716 147 2759 et
163 2722 225 2753 mox
239 2708 334 2771 glorid,
349 2709 389 2758 eui
403 2710 558 2775 principium
571 2707 616 2756 ills
633 2705 725 2752 militia
742 2702 807 2760 luit,
822 2700 941 2749 triremes
958 2700 1030 2750 alveo

121 2776 222 2838 Rheni,
236 2791 330 2830 ceteras
341 2783 444 2831 utrium
455 2816 462 2841 ,
475 2793 505 2830 nt
516 2797 620 2846 queque
631 2778 730 2827 habiles
741 2813 747 2834 ,
758 2792 803 2842 per
814 2772 928 2822 restuuria
941 2784 967 2823 et
979 2772 1031 2822 los-

122 2866 163 2902 sas
180 2852 282 2918 adegit:
300 2854 599 2920 lintribusquehostlum
616 2852 756 2919 depressis,
771 2861 797 2898 et
811 2846 946 2896 exturbato
958 2848 1029 2895 Grn-

122 2940 199 2977 nasco
211 2962 218 2987 ,
228 2928 272 2975 ubl
284 2920 415 2992 piaesentis
432 2928 650 2995 satiscomposits
668 2937 743 2988 sunt,
761 2923 875 2988 legiones
889 2935 993 2986 operum
1004 2935 1031 2970 ct
1048 2990 1054 2995 -

121 2996 218 3048 laboris
227 2998 339 3062 ignaras,
352 2999 559 3067 populationibus
570 3001 698 3059 letantes,
712 3008 825 3047 veterem
838 2993 871 3042 ad
882 3008 977 3041 morem
987 3009 1029 3040 re-

125 3070 215 3136 duris,
226 3086 258 3119 ne
270 3073 327 3135 quis
338 3075 440 3139 agmine
453 3070 602 3136 decederet,
616 3089 664 3121 nec
674 3087 800 3138 pugnam,
813 3068 864 3118 nisi
873 3065 971 3129 iussus,
983 3068 1034 3114 ini·

122 3155 165 3196 ret
174 3161 180 3191 :
195 3145 316 3194 stationes
326 3183 333 3208 ,
347 3148 448 3212 vigilie,
462 3145 551 3193 diurne
563 3157 738 3210 nocturnaque
748 3143 836 3193 munia
846 3177 852 3199 ,
866 3141 892 3188 in
902 3141 978 3188 armis
987 3141 1035 3205 agi-

125 3218 254 3267 tabuntur.
271 3219 415 3281 Feruntque
430 3219 580 3277 «militem,
595 3219 654 3280 quia
667 3221 763 3266 vallum
776 3232 828 3264 non
838 3213 968 3261 accinctus
978 3249 984 3266 ,
993 3224 1031 3261 at-

91 3328 94 3333 .
125 3306 175 3352 que
191 3290 286 3351 alium,
302 3292 360 3353 quis
372 3292 480 3352 pugione
493 3287 591 3334 ransom
607 3289 735 3337 accinctus
750 3289 868 3344 foderet,
885 3297 967 3333 morte
981 3302 1031 3352 pu-

125 3361 219 3417 nitor»,
230 3378 237 3411 r
248 3377 302 3428 que
312 3361 407 3430 nimia,
415 3370 442 3413 et
450 3360 575 3429 lacertu·
583 3374 616 3409 an
626 3359 689 3414 talst
700 3360 766 3426 jacto
771 3395 781 3424 ,
790 3359 918 3426 originem
927 3359 1033 3411 unos
