<?xml version="1.0" encoding="UTF-8"?>
<!DOCTYPE html PUBLIC "-//W3C//DTD XHTML 1.0 Transitional//EN"
    "http://www.w3.org/TR/xhtml1/DTD/xhtml1-transitional.dtd">
<html xmlns="http://www.w3.org/1999/xhtml" xml:lang="en" lang="en">
 <head>
  <title>
</title>
<meta http-equiv="Content-Type" content="text/html;charset=utf-8" />
  <meta name='ocr-system' content='tesseract 3.04.00' />
  <meta name='ocr-capabilities' content='ocr_page ocr_carea ocr_par ocr_line ocrx_word'/>
</head>
<body>
  <div class='ocr_page' id='page_1' title='image "./ccorntacitioper01brotgoog_0265.png"; bbox 0 0 2234 3817; ppageno 0'>
   <div class='ocr_carea' id='block_1_1' title="bbox 310 117 998 205">
    <p class='ocr_par' dir='ltr' id='par_1_1' title="bbox 310 117 998 205">
     <span class='ocr_line' id='line_1_1' title="bbox 310 117 998 205; baseline 0.026 -20"><span class='ocrx_word' id='word_1_1' title='bbox 310 117 313 118; x_wconf 33' lang='lat'><em>⁷</em></span> <span class='ocrx_word' id='word_1_2' title='bbox 378 145 557 191; x_wconf 72' lang='lat' dir='ltr'>teutsinus</span> <span class='ocrx_word' id='word_1_3' title='bbox 573 155 637 193; x_wconf 83' lang='lat' dir='ltr'>urs.</span> <span class='ocrx_word' id='word_1_4' title='bbox 664 157 734 199; x_wconf 66' lang='grc' dir='ltr'>ενι.</span> <span class='ocrx_word' id='word_1_5' title='bbox 952 150 998 205; x_wconf 77' lang='lat'>261</span> 
     </span>
    </p>
   </div>
   <div class='ocr_carea' id='block_1_2' title="bbox 56 231 1024 3463">
    <p class='ocr_par' dir='ltr' id='par_1_2' title="bbox 95 231 1024 1319">
     <span class='ocr_line' id='line_1_2' title="bbox 96 231 1001 304; baseline 0.013 -18"><span class='ocrx_word' id='word_1_6' title='bbox 96 236 187 299; x_wconf 73' lang='lat' dir='ltr'>villae,</span> <span class='ocrx_word' id='word_1_7' title='bbox 199 231 314 294; x_wconf 87' lang='lat' dir='ltr'>trbmta,</span> <span class='ocrx_word' id='word_1_8' title='bbox 326 232 412 298; x_wconf 70' lang='lat' dir='ltr'>fruges</span> <span class='ocrx_word' id='word_1_9' title='bbox 418 236 510 301; x_wconf 86' lang='lat' dir='ltr'>passim</span> <span class='ocrx_word' id='word_1_10' title='bbox 521 235 636 300; x_wconf 75' lang='lat' dir='ltr'>disiecit:</span> <span class='ocrx_word' id='word_1_11' title='bbox 649 237 804 304; x_wconf 72' lang='lat' dir='ltr'>pertulitque</span> <span class='ocrx_word' id='word_1_12' title='bbox 814 239 960 296; x_wconf 77' lang='lat' dir='ltr'>violentiam</span> <span class='ocrx_word' id='word_1_13' title='bbox 968 247 1001 297; x_wconf 86' lang='lat' dir='ltr'>sd</span> 
     </span>
     <span class='ocr_line' id='line_1_3' title="bbox 98 306 1002 384; baseline 0.009 -24"><span class='ocrx_word' id='word_1_14' title='bbox 98 310 180 360; x_wconf 75' lang='lat' dir='ltr'>vicina</span> <span class='ocrx_word' id='word_1_15' title='bbox 194 308 268 357; x_wconf 90' lang='lat' dir='ltr'>urbi:</span> <span class='ocrx_word' id='word_1_16' title='bbox 281 310 307 357; x_wconf 91' lang='lat' dir='ltr'>iu</span> <span class='ocrx_word' id='word_1_17' title='bbox 320 306 369 372; x_wconf 71' lang='lat' dir='ltr'>quui</span> <span class='ocrx_word' id='word_1_18' title='bbox 380 323 455 356; x_wconf 88' lang='lat' dir='ltr'>omne</span> <span class='ocrx_word' id='word_1_19' title='bbox 466 311 609 358; x_wconf 72' lang='lat' dir='ltr'>mortalium</span> <span class='ocrx_word' id='word_1_20' title='bbox 623 326 701 375; x_wconf 75' lang='lat' dir='ltr'>genus</span> <span class='ocrx_word' id='word_1_21' title='bbox 716 313 753 359; x_wconf 87' lang='lat' dir='ltr'>vis</span> <span class='ocrx_word' id='word_1_22' title='bbox 764 313 912 377; x_wconf 71' lang='lat' dir='ltr'>pestilentie</span> <span class='ocrx_word' id='word_1_23' title='bbox 920 318 1002 384; x_wconf 87' lang='lat' dir='ltr'>tlepo-</span> 
     </span>
     <span class='ocr_line' id='line_1_4' title="bbox 97 380 1002 447; baseline 0.013 -19"><span class='ocrx_word' id='word_1_24' title='bbox 97 381 248 447; x_wconf 84' lang='lat' dir='ltr'>pulrbatur‚</span> <span class='ocrx_word' id='word_1_25' title='bbox 261 380 332 430; x_wconf 74' lang='lat' dir='ltr'>nulli</span> <span class='ocrx_word' id='word_1_26' title='bbox 340 380 396 426; x_wconf 88' lang='lat' dir='ltr'>coeli</span> <span class='ocrx_word' id='word_1_27' title='bbox 405 380 564 447; x_wconf 87' lang='lat' dir='ltr'>intemperie,</span> <span class='ocrx_word' id='word_1_28' title='bbox 574 400 627 447; x_wconf 82' lang='lat' dir='ltr'>que</span> <span class='ocrx_word' id='word_1_29' title='bbox 637 394 782 434; x_wconf 82' lang='lat' dir='ltr'>occurreret</span> <span class='ocrx_word' id='word_1_30' title='bbox 790 386 881 434; x_wconf 86' lang='lat' dir='ltr'>oculis.</span> <span class='ocrx_word' id='word_1_31' title='bbox 893 388 944 438; x_wconf 85' lang='lat' dir='ltr'>Sed</span> <span class='ocrx_word' id='word_1_32' title='bbox 957 392 1002 440; x_wconf 92' lang='lat' dir='ltr'>do·</span> 
     </span>
     <span class='ocr_line' id='line_1_5' title="bbox 96 454 1003 521; baseline 0.012 -19"><span class='ocrx_word' id='word_1_33' title='bbox 96 470 156 503; x_wconf 87' lang='lat' dir='ltr'>mus</span> <span class='ocrx_word' id='word_1_34' title='bbox 166 455 319 519; x_wconf 87' lang='lat' dir='ltr'>corporibus</span> <span class='ocrx_word' id='word_1_35' title='bbox 333 454 469 508; x_wconf 79' lang='lat' dir='ltr'>exanimis,</span> <span class='ocrx_word' id='word_1_36' title='bbox 483 455 571 504; x_wconf 86' lang='lat' dir='ltr'>itinera</span> <span class='ocrx_word' id='word_1_37' title='bbox 587 454 718 506; x_wconf 70' lang='lat' dir='ltr'><strong>funeribus</strong></span> <span class='ocrx_word' id='word_1_38' title='bbox 729 457 936 521; x_wconf 69' lang='lat' dir='ltr'>complebantur:</span> <span class='ocrx_word' id='word_1_39' title='bbox 949 480 1003 513; x_wconf 90' lang='lat' dir='ltr'>non</span> 
     </span>
     <span class='ocr_line' id='line_1_6' title="bbox 95 527 1004 601; baseline 0.01 -25"><span class='ocrx_word' id='word_1_40' title='bbox 95 542 188 589; x_wconf 79' lang='lat' dir='ltr'>sexus,</span> <span class='ocrx_word' id='word_1_41' title='bbox 201 544 252 577; x_wconf 89' lang='lat' dir='ltr'>non</span> <span class='ocrx_word' id='word_1_42' title='bbox 263 539 321 575; x_wconf 77' lang='lat' dir='ltr'>etas</span> <span class='ocrx_word' id='word_1_43' title='bbox 332 527 444 591; x_wconf 86' lang='lat' dir='ltr'>periculo</span> <span class='ocrx_word' id='word_1_44' title='bbox 456 543 532 575; x_wconf 79' lang='lat' dir='ltr'>rauna</span> <span class='ocrx_word' id='word_1_45' title='bbox 543 546 549 576; x_wconf 75' lang='grc' dir='ltr'>ι</span> <span class='ocrx_word' id='word_1_46' title='bbox 563 531 666 579; x_wconf 84' lang='lat' dir='ltr'>servitia</span> <span class='ocrx_word' id='word_1_47' title='bbox 675 529 779 595; x_wconf 81' lang='lat' dir='ltr'>perinde</span> <span class='ocrx_word' id='word_1_48' title='bbox 792 540 817 577; x_wconf 88' lang='lat' dir='ltr'>et</span> <span class='ocrx_word' id='word_1_49' title='bbox 827 532 934 598; x_wconf 73' lang='lat' dir='ltr'>ingenua</span> <span class='ocrx_word' id='word_1_50' title='bbox 945 536 1004 601; x_wconf 81' lang='lat' dir='ltr'>pls-</span> 
     </span>
     <span class='ocr_line' id='line_1_7' title="bbox 95 601 1004 672; baseline 0.01 -23"><span class='ocrx_word' id='word_1_51' title='bbox 95 602 144 650; x_wconf 86' lang='lat' dir='ltr'>bes</span> <span class='ocrx_word' id='word_1_52' title='bbox 153 606 244 667; x_wconf 86' lang='lat' dir='ltr'>ruptim</span> <span class='ocrx_word' id='word_1_53' title='bbox 258 602 396 665; x_wconf 79' lang='lat' dir='ltr'>exstingui,</span> <span class='ocrx_word' id='word_1_54' title='bbox 404 601 471 649; x_wconf 87' lang='lat' dir='ltr'>inter</span> <span class='ocrx_word' id='word_1_55' title='bbox 479 604 617 668; x_wconf 75' lang='lat' dir='ltr'>conjugum</span> <span class='ocrx_word' id='word_1_56' title='bbox 626 617 652 651; x_wconf 89' lang='lat' dir='ltr'>et</span> <span class='ocrx_word' id='word_1_57' title='bbox 660 604 798 652; x_wconf 87' lang='lat' dir='ltr'>liberorum</span> <span class='ocrx_word' id='word_1_58' title='bbox 807 604 933 671; x_wconf 73' lang='lat' dir='ltr'>lamenta,</span> <span class='ocrx_word' id='word_1_59' title='bbox 945 611 1004 672; x_wconf 89' lang='lat' dir='ltr'>qui,</span> 
     </span>
     <span class='ocr_line' id='line_1_8' title="bbox 99 673 1004 745; baseline 0.009 -23"><span class='ocrx_word' id='word_1_60' title='bbox 99 673 162 722; x_wconf 85' lang='lat' dir='ltr'>duur</span> <span class='ocrx_word' id='word_1_61' title='bbox 172 674 296 731; x_wconf 82' lang='lat' dir='ltr'>adsident,</span> <span class='ocrx_word' id='word_1_62' title='bbox 306 674 369 721; x_wconf 86' lang='lat' dir='ltr'>durn</span> <span class='ocrx_word' id='word_1_63' title='bbox 377 673 480 733; x_wconf 83' lang='lat' dir='ltr'>deflent,</span> <span class='ocrx_word' id='word_1_64' title='bbox 490 677 552 742; x_wconf 74' lang='lat' dir='ltr'>sepe</span> <span class='ocrx_word' id='word_1_65' title='bbox 559 677 649 726; x_wconf 82' lang='lat' dir='ltr'>eodem</span> <span class='ocrx_word' id='word_1_66' title='bbox 658 693 720 742; x_wconf 73' lang='lat' dir='ltr'>rogo</span> <span class='ocrx_word' id='word_1_67' title='bbox 729 679 914 730; x_wconf 88' lang='lat' dir='ltr'>cremabantur.</span> <span class='ocrx_word' id='word_1_68' title='bbox 921 683 1004 745; x_wconf 86' lang='lat' dir='ltr'>Equi-</span> 
     </span>
     <span class='ocr_line' id='line_1_9' title="bbox 98 749 1024 817; baseline 0.011 -22"><span class='ocrx_word' id='word_1_69' title='bbox 98 757 157 795; x_wconf 86' lang='lat' dir='ltr'>tum</span> <span class='ocrx_word' id='word_1_70' title='bbox 170 761 363 812; x_wconf 72' lang='lat' dir='ltr'>senatorumque</span> <span class='ocrx_word' id='word_1_71' title='bbox 376 749 507 809; x_wconf 88' lang='lat' dir='ltr'>interitus,</span> <span class='ocrx_word' id='word_1_72' title='bbox 519 751 634 813; x_wconf 80' lang='lat' dir='ltr'>quamvis</span> <span class='ocrx_word' id='word_1_73' title='bbox 645 752 797 817; x_wconf 85' lang='lat' dir='ltr'>promiscui,</span> <span class='ocrx_word' id='word_1_74' title='bbox 811 751 895 803; x_wconf 78' lang='lat' dir='ltr'>minsis</span> <span class='ocrx_word' id='word_1_75' title='bbox 906 754 1024 806; x_wconf 66' lang='lat' dir='ltr'>flebiles*</span> 
     </span>
     <span class='ocr_line' id='line_1_10' title="bbox 99 819 1004 895; baseline 0.009 -23"><span class='ocrx_word' id='word_1_76' title='bbox 99 835 173 872; x_wconf 81' lang='lat' dir='ltr'>crunt</span> <span class='ocrx_word' id='word_1_77' title='bbox 182 836 317 887; x_wconf 72' lang='lat' dir='ltr'>,tanquam</span> <span class='ocrx_word' id='word_1_78' title='bbox 327 825 458 874; x_wconf 89' lang='lat' dir='ltr'>communi</span> <span class='ocrx_word' id='word_1_79' title='bbox 473 827 627 875; x_wconf 66' lang='lat' dir='ltr'><strong>mortalitate</strong></span> <span class='ocrx_word' id='word_1_80' title='bbox 642 826 762 876; x_wconf 74' lang='lat' dir='ltr'>sevitium</span> <span class='ocrx_word' id='word_1_81' title='bbox 773 819 895 894; x_wconf 85' lang='lat' dir='ltr'>principis</span> <span class='ocrx_word' id='word_1_82' title='bbox 904 846 1004 895; x_wconf 76' lang='lat' dir='ltr'>ptere-</span> 
     </span>
     <span class='ocr_line' id='line_1_11' title="bbox 96 894 1004 963; baseline 0.01 -18"><span class='ocrx_word' id='word_1_83' title='bbox 96 897 191 945; x_wconf 85' lang='lat' dir='ltr'>nirent.</span> <span class='ocrx_word' id='word_1_84' title='bbox 208 894 306 945; x_wconf 81' lang='lat' dir='ltr'>Eodem</span> <span class='ocrx_word' id='word_1_85' title='bbox 320 912 388 945; x_wconf 91' lang='lat' dir='ltr'>anno</span> <span class='ocrx_word' id='word_1_86' title='bbox 405 896 517 946; x_wconf 82' lang='lat' dir='ltr'>delectus</span> <span class='ocrx_word' id='word_1_87' title='bbox 531 914 577 963; x_wconf 91' lang='lat' dir='ltr'>per</span> <span class='ocrx_word' id='word_1_88' title='bbox 590 898 701 946; x_wconf 83' lang='lat' dir='ltr'>Galliam</span> <span class='ocrx_word' id='word_1_89' title='bbox 715 898 918 960; x_wconf 65' lang='lat' dir='ltr'>Narbonensem,</span> <span class='ocrx_word' id='word_1_90' title='bbox 932 901 1004 954; x_wconf 79' lang='lat' dir='ltr'>Aut·</span> 
     </span>
     <span class='ocr_line' id='line_1_12' title="bbox 97 969 1004 1038; baseline 0.004 -19"><span class='ocrx_word' id='word_1_91' title='bbox 97 987 205 1035; x_wconf 76' lang='lat' dir='ltr'>cumque</span> <span class='ocrx_word' id='word_1_92' title='bbox 214 969 335 1019; x_wconf 82' lang='lat' dir='ltr'>etAsism</span> <span class='ocrx_word' id='word_1_93' title='bbox 344 1006 351 1028; x_wconf 90' lang='lat'>,</span> <span class='ocrx_word' id='word_1_94' title='bbox 360 969 441 1018; x_wconf 86' lang='lat' dir='ltr'>habiti</span> <span class='ocrx_word' id='word_1_95' title='bbox 453 981 526 1036; x_wconf 78' lang='lat' dir='ltr'>strnt,</span> <span class='ocrx_word' id='word_1_96' title='bbox 534 969 685 1036; x_wconf 71' lang='lat' dir='ltr'>¹supplendis</span> <span class='ocrx_word' id='word_1_97' title='bbox 694 970 958 1038; x_wconf 69' lang='lat' dir='ltr'>lllyriciiegionibos,</span> <span class='ocrx_word' id='word_1_98' title='bbox 972 993 1004 1029; x_wconf 79' lang='lat' dir='ltr'>ex</span> 
     </span>
     <span class='ocr_line' id='line_1_13' title="bbox 98 1042 1005 1110; baseline 0.008 -17"><span class='ocrx_word' id='word_1_99' title='bbox 98 1044 191 1107; x_wconf 88' lang='lat' dir='ltr'>quibus</span> <span class='ocrx_word' id='word_1_100' title='bbox 206 1053 331 1102; x_wconf 79' lang='lat' dir='ltr'>aetsteaut</span> <span class='ocrx_word' id='word_1_101' title='bbox 344 1042 488 1110; x_wconf 70' lang='lat' dir='ltr'>ualetudine</span> <span class='ocrx_word' id='word_1_102' title='bbox 501 1043 577 1104; x_wconf 73' lang='lat' dir='ltr'>tussi,</span> <span class='ocrx_word' id='word_1_103' title='bbox 593 1055 749 1098; x_wconf 72' lang='lat' dir='ltr'>sacramento</span> <span class='ocrx_word' id='word_1_104' title='bbox 761 1046 932 1097; x_wconf 69' lang='lat' dir='ltr'>solvebantur.</span> <span class='ocrx_word' id='word_1_105' title='bbox 943 1050 1005 1100; x_wconf 77' lang='lat' dir='ltr'>cta-</span> 
     </span>
     <span class='ocr_line' id='line_1_14' title="bbox 98 1116 1005 1189; baseline 0.008 -22"><span class='ocrx_word' id='word_1_106' title='bbox 98 1118 159 1167; x_wconf 90' lang='lat' dir='ltr'>dem</span> <span class='ocrx_word' id='word_1_107' title='bbox 173 1117 368 1183; x_wconf 76' lang='lat' dir='ltr'>Lugdunensem</span> <span class='ocrx_word' id='word_1_108' title='bbox 383 1116 533 1181; x_wconf 74' lang='lat' dir='ltr'>quadragies</span> <span class='ocrx_word' id='word_1_109' title='bbox 545 1119 660 1167; x_wconf 86' lang='lat' dir='ltr'>sestertio</span> <span class='ocrx_word' id='word_1_110' title='bbox 672 1120 768 1168; x_wconf 84' lang='lat' dir='ltr'>solatus</span> <span class='ocrx_word' id='word_1_111' title='bbox 778 1131 818 1169; x_wconf 89' lang='lat' dir='ltr'>est</span> <span class='ocrx_word' id='word_1_112' title='bbox 833 1121 963 1189; x_wconf 86' lang='lat' dir='ltr'>princeps,</span> <span class='ocrx_word' id='word_1_113' title='bbox 974 1137 1005 1177; x_wconf 91' lang='lat' dir='ltr'>ut</span> 
     </span>
     <span class='ocr_line' id='line_1_15' title="bbox 98 1189 1005 1258; baseline 0.008 -18"><span class='ocrx_word' id='word_1_114' title='bbox 98 1193 188 1241; x_wconf 84' lang='lat' dir='ltr'>amissa</span> <span class='ocrx_word' id='word_1_115' title='bbox 200 1192 257 1237; x_wconf 80' lang='lat' dir='ltr'>urbi</span> <span class='ocrx_word' id='word_1_116' title='bbox 265 1190 515 1255; x_wconf 75' lang='lat' dir='ltr'>reponerentrquam</span> <span class='ocrx_word' id='word_1_117' title='bbox 520 1191 659 1258; x_wconf 78' lang='lat' dir='ltr'>pecuniam</span> <span class='ocrx_word' id='word_1_118' title='bbox 667 1189 848 1257; x_wconf 72' lang='lat' dir='ltr'>Lugdunenses</span> <span class='ocrx_word' id='word_1_119' title='bbox 858 1194 917 1243; x_wconf 76' lang='lat' dir='ltr'>aute</span> <span class='ocrx_word' id='word_1_120' title='bbox 926 1197 1005 1247; x_wconf 88' lang='lat' dir='ltr'>obtat-</span> 
     </span>
     <span class='ocr_line' id='line_1_16' title="bbox 98 1262 700 1319; baseline -0.003 -8"><span class='ocrx_word' id='word_1_121' title='bbox 98 1265 182 1312; x_wconf 88' lang='lat' dir='ltr'>lerant</span> <span class='ocrx_word' id='word_1_122' title='bbox 190 1295 198 1319; x_wconf 91' lang='lat'>,</span> <span class='ocrx_word' id='word_1_123' title='bbox 206 1263 315 1311; x_wconf 87' lang='lat' dir='ltr'>turbidis</span> <span class='ocrx_word' id='word_1_124' title='bbox 323 1262 431 1311; x_wconf 81' lang='lat' dir='ltr'>cutibus.</span> <span class='ocrx_word' id='word_1_125' title='bbox 699 1276 700 1279; x_wconf 73' lang='grc'>’</span> 
     </span>
    </p>

    <p class='ocr_par' dir='ltr' id='par_1_3' title="bbox 96 1334 1003 1632">
     <span class='ocr_line' id='line_1_17' title="bbox 134 1334 1003 1398; baseline 0.007 -13"><span class='ocrx_word' id='word_1_126' title='bbox 134 1334 204 1386; x_wconf 84' lang='lat' dir='ltr'>xlv.</span> <span class='ocrx_word' id='word_1_127' title='bbox 218 1337 248 1384; x_wconf 88' lang='lat' dir='ltr'>C.</span> <span class='ocrx_word' id='word_1_128' title='bbox 257 1336 388 1391; x_wconf 83' lang='lat' dir='ltr'>Suetonio,</span> <span class='ocrx_word' id='word_1_129' title='bbox 398 1334 431 1383; x_wconf 70' lang='lat' dir='ltr'>L·</span> <span class='ocrx_word' id='word_1_130' title='bbox 439 1335 558 1388; x_wconf 80' lang='lat' dir='ltr'>Teleu’no</span> <span class='ocrx_word' id='word_1_131' title='bbox 570 1352 635 1386; x_wconf 87' lang='lat' dir='ltr'>coss.</span> <span class='ocrx_word' id='word_1_132' title='bbox 645 1336 770 1394; x_wconf 79' lang='lat' dir='ltr'>Antistius</span> <span class='ocrx_word' id='word_1_133' title='bbox 778 1339 915 1398; x_wconf 76' lang='lat' dir='ltr'>Sosianus,</span> <span class='ocrx_word' id='word_1_134' title='bbox 926 1339 1003 1391; x_wconf 85' lang='lat' dir='ltr'>facti-</span> 
     </span>
     <span class='ocr_line' id='line_1_18' title="bbox 96 1415 1000 1482; baseline 0.004 -16"><span class='ocrx_word' id='word_1_135' title='bbox 96 1415 161 1471; x_wconf 60' lang='lat' dir='ltr'>,tatis</span> <span class='ocrx_word' id='word_1_136' title='bbox 177 1415 203 1464; x_wconf 89' lang='lat' dir='ltr'>iu</span> <span class='ocrx_word' id='word_1_137' title='bbox 212 1415 341 1464; x_wconf 80' lang='lat' dir='ltr'>Neronem</span> <span class='ocrx_word' id='word_1_138' title='bbox 353 1416 643 1482; x_wconf 73' lang='lat' dir='ltr'>carminibusprohrosis</span> <span class='ocrx_word' id='word_1_139' title='bbox 653 1420 771 1481; x_wconf 69' lang='lat' dir='ltr'>,etsilio&#39;,</span> <span class='ocrx_word' id='word_1_140' title='bbox 783 1431 812 1469; x_wconf 88' lang='lat' dir='ltr'>ut</span> <span class='ocrx_word' id='word_1_141' title='bbox 823 1420 889 1482; x_wconf 86' lang='lat' dir='ltr'>dixi,</span> <span class='ocrx_word' id='word_1_142' title='bbox 904 1422 1000 1470; x_wconf 87' lang='lat' dir='ltr'>muita·</span> 
     </span>
     <span class='ocr_line' id='line_1_19' title="bbox 101 1487 1003 1557; baseline 0.011 -22"><span class='ocrx_word' id='word_1_143' title='bbox 101 1498 157 1544; x_wconf 91' lang='lat' dir='ltr'>tus,</span> <span class='ocrx_word' id='word_1_144' title='bbox 169 1500 300 1552; x_wconf 73' lang='lat' dir='ltr'>postquam</span> <span class='ocrx_word' id='word_1_145' title='bbox 310 1487 337 1535; x_wconf 87' lang='lat' dir='ltr'>id</span> <span class='ocrx_word' id='word_1_146' title='bbox 346 1487 448 1536; x_wconf 88' lang='lat' dir='ltr'>honoris</span> <span class='ocrx_word' id='word_1_147' title='bbox 461 1487 602 1550; x_wconf 83' lang='lat' dir='ltr'>indicibus,</span> <span class='ocrx_word' id='word_1_148' title='bbox 614 1502 714 1556; x_wconf 84' lang='lat' dir='ltr'>tumque</span> <span class='ocrx_word' id='word_1_149' title='bbox 725 1504 870 1557; x_wconf 85' lang='lat' dir='ltr'>promptum</span> <span class='ocrx_word' id='word_1_150' title='bbox 879 1494 912 1541; x_wconf 84' lang='lat' dir='ltr'>ad</span> <span class='ocrx_word' id='word_1_151' title='bbox 923 1494 1003 1545; x_wconf 82' lang='lat' dir='ltr'>eredes</span> 
     </span>
     <span class='ocr_line' id='line_1_20' title="bbox 99 1561 1002 1632; baseline 0.009 -25"><span class='ocrx_word' id='word_1_152' title='bbox 99 1561 241 1625; x_wconf 85' lang='lat' dir='ltr'>principem</span> <span class='ocrx_word' id='word_1_153' title='bbox 259 1562 368 1625; x_wconf 81' lang='lat' dir='ltr'>accepit,</span> <span class='ocrx_word' id='word_1_154' title='bbox 383 1561 484 1624; x_wconf 84' lang='lat' dir='ltr'>inquies</span> <span class='ocrx_word' id='word_1_155' title='bbox 495 1565 595 1624; x_wconf 75' lang='lat' dir='ltr'>animo,</span> <span class='ocrx_word' id='word_1_156' title='bbox 612 1575 640 1613; x_wconf 84' lang='lat' dir='ltr'>et</span> <span class='ocrx_word' id='word_1_157' title='bbox 651 1566 811 1614; x_wconf 68' lang='lat' dir='ltr'>occasionum</span> <span class='ocrx_word' id='word_1_158' title='bbox 824 1566 1002 1632; x_wconf 63' lang='lat' dir='ltr'>bancingnis,</span> 
     </span>
    </p>

    <p class='ocr_par' dir='ltr' id='par_1_4' title="bbox 56 1632 1003 2210">
     <span class='ocr_line' id='line_1_21' title="bbox 56 1632 1002 1704; baseline 0.005 -22"><span class='ocrx_word' id='word_1_159' title='bbox 56 1677 59 1682; x_wconf 84' lang='grc'><em>,</em></span> <span class='ocrx_word' id='word_1_160' title='bbox 79 1663 82 1669; x_wconf 76' lang='lat'>,</span> <span class='ocrx_word' id='word_1_161' title='bbox 99 1632 276 1696; x_wconf 79' lang='lat' dir='ltr'>Pammenem,</span> <span class='ocrx_word' id='word_1_162' title='bbox 285 1633 452 1700; x_wconf 71' lang='lat' dir='ltr'>eiusdemioci</span> <span class='ocrx_word' id='word_1_163' title='bbox 460 1636 581 1694; x_wconf 81' lang='lat' dir='ltr'>exsulem,</span> <span class='ocrx_word' id='word_1_164' title='bbox 591 1637 798 1687; x_wconf 83' lang='lat' dir='ltr'>etChalduorum</span> <span class='ocrx_word' id='word_1_165' title='bbox 804 1651 857 1691; x_wconf 80' lang='lat' dir='ltr'>erte</span> <span class='ocrx_word' id='word_1_166' title='bbox 864 1639 1002 1704; x_wconf 72' lang='lat' dir='ltr'>famosum,</span> 
     </span>
     <span class='ocr_line' id='line_1_22' title="bbox 92 1704 1001 1772; baseline 0.006 -18"><span class='ocrx_word' id='word_1_167' title='bbox 92 1704 178 1770; x_wconf 72' lang='lat' dir='ltr'>‚eoque</span> <span class='ocrx_word' id='word_1_168' title='bbox 197 1709 338 1759; x_wconf 74' lang='lat' dir='ltr'>multumt</span> <span class='ocrx_word' id='word_1_169' title='bbox 355 1707 473 1756; x_wconf 72' lang='lat' dir='ltr'>amicitiis</span> <span class='ocrx_word' id='word_1_170' title='bbox 487 1709 609 1759; x_wconf 80' lang='lat' dir='ltr'>innexum</span> <span class='ocrx_word' id='word_1_171' title='bbox 617 1748 628 1772; x_wconf 92' lang='lat'>,</span> <span class='ocrx_word' id='word_1_172' title='bbox 643 1712 808 1760; x_wconf 81' lang='lat' dir='ltr'>similitudine</span> <span class='ocrx_word' id='word_1_173' title='bbox 827 1710 933 1761; x_wconf 75' lang='lat' dir='ltr'>fortune</span> <span class='ocrx_word' id='word_1_174' title='bbox 947 1711 1001 1760; x_wconf 78' lang='lat' dir='ltr'>eibi</span> 
     </span>
     <span class='ocr_line' id='line_1_23' title="bbox 97 1778 1001 1842; baseline 0.007 -15"><span class='ocrx_word' id='word_1_175' title='bbox 97 1781 229 1830; x_wconf 85' lang='lat' dir='ltr'>conciliat.</span> <span class='ocrx_word' id='word_1_176' title='bbox 238 1781 374 1833; x_wconf 71' lang='lat' dir='ltr'>ventitare</span> <span class='ocrx_word' id='word_1_177' title='bbox 383 1778 482 1828; x_wconf 79' lang='lat' dir='ltr'>adeum</span> <span class='ocrx_word' id='word_1_178' title='bbox 490 1783 608 1841; x_wconf 87' lang='lat' dir='ltr'>nuntios,</span> <span class='ocrx_word' id='word_1_179' title='bbox 621 1794 646 1832; x_wconf 91' lang='lat' dir='ltr'>et</span> <span class='ocrx_word' id='word_1_180' title='bbox 655 1783 854 1832; x_wconf 72' lang='lat' dir='ltr'>consultationes</span> <span class='ocrx_word' id='word_1_181' title='bbox 867 1800 919 1832; x_wconf 90' lang='lat' dir='ltr'>non</span> <span class='ocrx_word' id='word_1_182' title='bbox 931 1782 1001 1842; x_wconf 74' lang='lat' dir='ltr'>ltus-</span> 
     </span>
     <span class='ocr_line' id='line_1_24' title="bbox 99 1852 1000 1922; baseline 0.007 -23"><span class='ocrx_word' id='word_1_183' title='bbox 99 1852 230 1912; x_wconf 71' lang='lat' dir='ltr'>ubratus,</span> <span class='ocrx_word' id='word_1_184' title='bbox 244 1855 320 1904; x_wconf 90' lang='lat' dir='ltr'>simul</span> <span class='ocrx_word' id='word_1_185' title='bbox 336 1867 451 1903; x_wconf 56' lang='lat' dir='ltr'>annnam*</span> <span class='ocrx_word' id='word_1_186' title='bbox 461 1856 597 1918; x_wconf 75' lang='lat' dir='ltr'>premium</span> <span class='ocrx_word' id='word_1_187' title='bbox 609 1855 623 1903; x_wconf 72' lang='lat' dir='ltr'>b</span> <span class='ocrx_word' id='word_1_188' title='bbox 638 1854 667 1902; x_wconf 78' lang='grc' dir='ltr'>Ρ.</span> <span class='ocrx_word' id='word_1_189' title='bbox 680 1856 773 1903; x_wconf 83' lang='lat' dir='ltr'>Anteio</span> <span class='ocrx_word' id='word_1_190' title='bbox 788 1858 927 1905; x_wconf 87' lang='lat' dir='ltr'>ministrari</span> <span class='ocrx_word' id='word_1_191' title='bbox 937 1872 1000 1922; x_wconf 71' lang='lat' dir='ltr'>cog-</span> 
     </span>
     <span class='ocr_line' id='line_1_25' title="bbox 99 1927 1001 1994; baseline 0.007 -22"><span class='ocrx_word' id='word_1_192' title='bbox 99 1928 193 1974; x_wconf 87' lang='lat' dir='ltr'>noscit.</span> <span class='ocrx_word' id='word_1_193' title='bbox 202 1928 289 1989; x_wconf 83' lang='lat' dir='ltr'>Neque</span> <span class='ocrx_word' id='word_1_194' title='bbox 297 1930 410 1977; x_wconf 87' lang='lat' dir='ltr'>nescium</span> <span class='ocrx_word' id='word_1_195' title='bbox 419 1927 543 1984; x_wconf 82' lang='lat' dir='ltr'>habebnt,</span> <span class='ocrx_word' id='word_1_196' title='bbox 560 1929 681 1978; x_wconf 81' lang='lat' dir='ltr'>Anteium</span> <span class='ocrx_word' id='word_1_197' title='bbox 690 1928 794 1977; x_wconf 85' lang='lat' dir='ltr'>caritate</span> <span class='ocrx_word' id='word_1_198' title='bbox 804 1930 946 1994; x_wconf 66' lang='lat' dir='ltr'>Agrippina</span> <span class='ocrx_word' id='word_1_199' title='bbox 955 1931 1001 1978; x_wconf 86' lang='lat' dir='ltr'>in·-</span> 
     </span>
     <span class='ocr_line' id='line_1_26' title="bbox 98 1998 1001 2065; baseline 0.006 -21"><span class='ocrx_word' id='word_1_200' title='bbox 98 1998 183 2045; x_wconf 78' lang='lat' dir='ltr'>risum</span> <span class='ocrx_word' id='word_1_201' title='bbox 193 1998 302 2057; x_wconf 84' lang='lat' dir='ltr'>Neroni,</span> <span class='ocrx_word' id='word_1_202' title='bbox 311 2015 421 2064; x_wconf 87' lang='lat' dir='ltr'>opesque</span> <span class='ocrx_word' id='word_1_203' title='bbox 434 2001 486 2063; x_wconf 73' lang='lat' dir='ltr'>eins</span> <span class='ocrx_word' id='word_1_204' title='bbox 494 2001 630 2065; x_wconf 74' lang='lat' dir='ltr'>precipuas</span> <span class='ocrx_word' id='word_1_205' title='bbox 638 1999 670 2047; x_wconf 86' lang='lat' dir='ltr'>ad</span> <span class='ocrx_word' id='word_1_206' title='bbox 679 1998 829 2047; x_wconf 82' lang='lat' dir='ltr'>eliciendum</span> <span class='ocrx_word' id='word_1_207' title='bbox 838 1999 1001 2063; x_wconf 80' lang='lat' dir='ltr'>cupidinem,</span> 
     </span>
     <span class='ocr_line' id='line_1_27' title="bbox 98 2069 1003 2135; baseline 0.006 -18"><span class='ocrx_word' id='word_1_208' title='bbox 98 2084 205 2132; x_wconf 77' lang='lat' dir='ltr'>eamque</span> <span class='ocrx_word' id='word_1_209' title='bbox 218 2085 318 2119; x_wconf 79' lang='lat' dir='ltr'>causum</span> <span class='ocrx_word' id='word_1_210' title='bbox 328 2072 414 2120; x_wconf 89' lang='lat' dir='ltr'>multis</span> <span class='ocrx_word' id='word_1_211' title='bbox 425 2071 502 2120; x_wconf 70' lang='lat' dir='ltr'>exitio</span> <span class='ocrx_word' id='word_1_212' title='bbox 512 2086 577 2122; x_wconf 87' lang='lat' dir='ltr'>esse.</span> <span class='ocrx_word' id='word_1_213' title='bbox 587 2070 668 2135; x_wconf 78' lang='lat' dir='ltr'>igitur</span> <span class='ocrx_word' id='word_1_214' title='bbox 678 2069 824 2134; x_wconf 82' lang='lat' dir='ltr'>interceptis</span> <span class='ocrx_word' id='word_1_215' title='bbox 834 2072 919 2119; x_wconf 85' lang='lat' dir='ltr'>Anteii</span> <span class='ocrx_word' id='word_1_216' title='bbox 930 2072 1003 2122; x_wconf 81' lang='lat' dir='ltr'>litte·¹</span> 
     </span>
     <span class='ocr_line' id='line_1_28' title="bbox 97 2143 1002 2210; baseline 0.006 -19"><span class='ocrx_word' id='word_1_217' title='bbox 97 2144 150 2204; x_wconf 87' lang='lat' dir='ltr'>ris,</span> <span class='ocrx_word' id='word_1_218' title='bbox 166 2143 260 2194; x_wconf 84' lang='lat' dir='ltr'>iuratus</span> <span class='ocrx_word' id='word_1_219' title='bbox 274 2150 351 2196; x_wconf 81' lang='lat' dir='ltr'>etiarn</span> <span class='ocrx_word' id='word_1_220' title='bbox 366 2146 587 2210; x_wconf 88' lang='lat' dir='ltr'>libellos,.quibus</span> <span class='ocrx_word' id='word_1_221' title='bbox 603 2145 658 2194; x_wconf 79' lang='lat' dir='ltr'>dies</span> <span class='ocrx_word' id='word_1_222' title='bbox 673 2144 789 2210; x_wconf 78' lang='lat' dir='ltr'>genitalis</span> <span class='ocrx_word' id='word_1_223' title='bbox 804 2144 873 2207; x_wconf 87' lang='lat' dir='ltr'>ejus,</span> <span class='ocrx_word' id='word_1_224' title='bbox 886 2156 1002 2196; x_wconf 80' lang='lat' dir='ltr'>steven-</span> 
     </span>
    </p>

    <p class='ocr_par' dir='ltr' id='par_1_5' title="bbox 76 2218 1001 2789">
     <span class='ocr_line' id='line_1_29' title="bbox 76 2218 1000 2284; baseline 0.004 -20"><span class='ocrx_word' id='word_1_225' title='bbox 76 2247 78 2250; x_wconf 92' lang='lat'>·</span> <span class='ocrx_word' id='word_1_226' title='bbox 98 2227 170 2278; x_wconf 82' lang='lat' dir='ltr'>turn,</span> <span class='ocrx_word' id='word_1_227' title='bbox 182 2222 283 2269; x_wconf 77' lang='lat' dir='ltr'>secretis</span> <span class='ocrx_word' id='word_1_228' title='bbox 298 2221 442 2269; x_wconf 76' lang='lat' dir='ltr'>Pammenis</span> <span class='ocrx_word' id='word_1_229' title='bbox 452 2220 661 2276; x_wconf 74' lang='lat' dir='ltr'>occultabantur,</span> <span class='ocrx_word' id='word_1_230' title='bbox 681 2220 757 2270; x_wconf 85' lang='lat' dir='ltr'>timul</span> <span class='ocrx_word' id='word_1_231' title='bbox 771 2220 893 2284; x_wconf 88' lang='lat' dir='ltr'>repertis,</span> <span class='ocrx_word' id='word_1_232' title='bbox 902 2235 956 2283; x_wconf 79' lang='lat' dir='ltr'>qus</span> <span class='ocrx_word' id='word_1_233' title='bbox 967 2218 1000 2268; x_wconf 86' lang='lat' dir='ltr'>ds</span> 
     </span>
     <span class='ocr_line' id='line_1_30' title="bbox 98 2290 1001 2359; baseline 0.008 -23"><span class='ocrx_word' id='word_1_234' title='bbox 98 2301 157 2338; x_wconf 89' lang='lat' dir='ltr'>ortu</span> <span class='ocrx_word' id='word_1_235' title='bbox 173 2290 271 2356; x_wconf 74' lang='lat' dir='ltr'>sitique</span> <span class='ocrx_word' id='word_1_236' title='bbox 284 2295 382 2343; x_wconf 82' lang='lat' dir='ltr'>Ostorii</span> <span class='ocrx_word' id='word_1_237' title='bbox 393 2292 505 2358; x_wconf 75' lang='lat' dir='ltr'>Scapulae</span> <span class='ocrx_word' id='word_1_238' title='bbox 515 2292 655 2357; x_wconf 85' lang='lat' dir='ltr'>composita</span> <span class='ocrx_word' id='word_1_239' title='bbox 667 2304 740 2346; x_wconf 82' lang='lat' dir='ltr'>erunt</span> <span class='ocrx_word' id='word_1_240' title='bbox 746 2329 755 2352; x_wconf 90' lang='lat'>,</span> <span class='ocrx_word' id='word_1_241' title='bbox 765 2292 855 2341; x_wconf 82' lang='lat' dir='ltr'>scribit</span> <span class='ocrx_word' id='word_1_242' title='bbox 862 2292 894 2340; x_wconf 86' lang='lat' dir='ltr'>ad</span> <span class='ocrx_word' id='word_1_243' title='bbox 904 2294 1001 2359; x_wconf 90' lang='lat' dir='ltr'>princi-</span> 
     </span>
     <span class='ocr_line' id='line_1_31' title="bbox 95 2364 1000 2432; baseline 0.008 -21"><span class='ocrx_word' id='word_1_244' title='bbox 95 2378 170 2428; x_wconf 86' lang='lat' dir='ltr'>pem,</span> <span class='ocrx_word' id='word_1_245' title='bbox 184 2381 294 2432; x_wconf 73' lang='lat' dir='ltr'>‹tmagna</span> <span class='ocrx_word' id='word_1_246' title='bbox 308 2382 349 2429; x_wconf 85' lang='lat' dir='ltr'>so,</span> <span class='ocrx_word' id='word_1_247' title='bbox 361 2377 387 2415; x_wconf 89' lang='lat' dir='ltr'>et</span> <span class='ocrx_word' id='word_1_248' title='bbox 399 2382 454 2430; x_wconf 75' lang='lat' dir='ltr'>que</span> <span class='ocrx_word' id='word_1_249' title='bbox 466 2366 635 2415; x_wconf 83' lang='lat' dir='ltr'>incolumitati</span> <span class='ocrx_word' id='word_1_250' title='bbox 646 2365 700 2428; x_wconf 78' lang='lat' dir='ltr'>ejus</span> <span class='ocrx_word' id='word_1_251' title='bbox 713 2364 884 2415; x_wconf 80' lang='lat' dir='ltr'>conducerent</span> <span class='ocrx_word' id='word_1_252' title='bbox 897 2366 1000 2425; x_wconf 81' lang='lat' dir='ltr'>adlatu-</span> 
     </span>
     <span class='ocr_line' id='line_1_32' title="bbox 96 2438 1001 2506; baseline 0.006 -22"><span class='ocrx_word' id='word_1_253' title='bbox 96 2451 169 2498; x_wconf 83' lang='lat' dir='ltr'>rum,</span> <span class='ocrx_word' id='word_1_254' title='bbox 185 2440 208 2486; x_wconf 89' lang='lat' dir='ltr'>si</span> <span class='ocrx_word' id='word_1_255' title='bbox 219 2439 324 2489; x_wconf 81' lang='lat' dir='ltr'>brevem</span> <span class='ocrx_word' id='word_1_256' title='bbox 343 2439 425 2489; x_wconf 81' lang='lat' dir='ltr'>exsilii</span> <span class='ocrx_word' id='word_1_257' title='bbox 442 2442 543 2489; x_wconf 83' lang='lat' dir='ltr'>venium</span> <span class='ocrx_word' id='word_1_258' title='bbox 555 2442 756 2506; x_wconf 80' lang='lat' dir='ltr'>impetravisset:</span> <span class='ocrx_word' id='word_1_259' title='bbox 769 2441 863 2503; x_wconf 88' lang='lat' dir='ltr'>quippe</span> <span class='ocrx_word' id='word_1_260' title='bbox 877 2438 1001 2490; x_wconf 74' lang='lat' dir='ltr'>Anteium</span> 
     </span>
     <span class='ocr_line' id='line_1_33' title="bbox 95 2507 1000 2573; baseline 0.004 -18"><span class='ocrx_word' id='word_1_261' title='bbox 95 2518 124 2555; x_wconf 88' lang='lat' dir='ltr'>et</span> <span class='ocrx_word' id='word_1_262' title='bbox 135 2508 266 2559; x_wconf 87' lang='lat' dir='ltr'>Ostorium</span> <span class='ocrx_word' id='word_1_263' title='bbox 276 2512 411 2559; x_wconf 87' lang='lat' dir='ltr'>imminere</span> <span class='ocrx_word' id='word_1_264' title='bbox 426 2510 516 2571; x_wconf 88' lang='lat' dir='ltr'>rebus,</span> <span class='ocrx_word' id='word_1_265' title='bbox 533 2522 559 2562; x_wconf 88' lang='lat' dir='ltr'>et</span> <span class='ocrx_word' id='word_1_266' title='bbox 573 2528 618 2560; x_wconf 83' lang='lat' dir='ltr'>sua</span> <span class='ocrx_word' id='word_1_267' title='bbox 635 2507 786 2573; x_wconf 49' lang='lat' dir='ltr'>&amp;utruque</span> <span class='ocrx_word' id='word_1_268' title='bbox 797 2507 847 2558; x_wconf 80' lang='lat' dir='ltr'>iata</span> <span class='ocrx_word' id='word_1_269' title='bbox 859 2513 1000 2559; x_wconf 79' lang='lat' dir='ltr'>scruteris.</span> 
     </span>
     <span class='ocr_line' id='line_1_34' title="bbox 95 2579 1001 2649; baseline 0.002 -21"><span class='ocrx_word' id='word_1_270' title='bbox 95 2579 162 2629; x_wconf 86' lang='lat' dir='ltr'>Exin</span> <span class='ocrx_word' id='word_1_271' title='bbox 171 2582 253 2630; x_wconf 80' lang='lat' dir='ltr'>misere</span> <span class='ocrx_word' id='word_1_272' title='bbox 262 2584 400 2646; x_wconf 71' lang='lat' dir='ltr'>liburnicae,</span> <span class='ocrx_word' id='word_1_273' title='bbox 407 2582 591 2648; x_wconf 83' lang='lat' dir='ltr'>advehiturque</span> <span class='ocrx_word' id='word_1_274' title='bbox 599 2583 708 2649; x_wconf 75' lang='lat' dir='ltr'>propere</span> <span class='ocrx_word' id='word_1_275' title='bbox 715 2584 842 2634; x_wconf 74' lang='lat' dir='ltr'>Sosianus.</span> <span class='ocrx_word' id='word_1_276' title='bbox 851 2579 889 2632; x_wconf 81' lang='lat' dir='ltr'>Ac</span> <span class='ocrx_word' id='word_1_277' title='bbox 899 2583 1001 2644; x_wconf 67' lang='lat' dir='ltr'>vulgato</span> 
     </span>
     <span class='ocr_line' id='line_1_35' title="bbox 96 2649 1001 2720; baseline 0.003 -22"><span class='ocrx_word' id='word_1_278' title='bbox 96 2651 152 2712; x_wconf 80' lang='lat' dir='ltr'>eius</span> <span class='ocrx_word' id='word_1_279' title='bbox 169 2652 280 2716; x_wconf 85' lang='lat' dir='ltr'>indicio,</span> <span class='ocrx_word' id='word_1_280' title='bbox 293 2658 357 2706; x_wconf 83' lang='lat' dir='ltr'>inter</span> <span class='ocrx_word' id='word_1_281' title='bbox 373 2655 504 2706; x_wconf 79' lang='lat' dir='ltr'>damnatos</span> <span class='ocrx_word' id='word_1_282' title='bbox 522 2657 615 2720; x_wconf 73' lang='lat' dir='ltr'>magis,</span> <span class='ocrx_word' id='word_1_283' title='bbox 635 2653 711 2717; x_wconf 76' lang='lat' dir='ltr'>quim</span> <span class='ocrx_word' id='word_1_284' title='bbox 724 2653 790 2706; x_wconf 80' lang='lat' dir='ltr'>iuter</span> <span class='ocrx_word' id='word_1_285' title='bbox 806 2666 862 2698; x_wconf 89' lang='lat' dir='ltr'>reos</span> <span class='ocrx_word' id='word_1_286' title='bbox 871 2685 879 2708; x_wconf 94' lang='lat'>,</span> <span class='ocrx_word' id='word_1_287' title='bbox 893 2649 1001 2702; x_wconf 82' lang='lat' dir='ltr'>Anteius</span> 
     </span>
     <span class='ocr_line' id='line_1_36' title="bbox 99 2721 1000 2789; baseline 0.004 -19"><span class='ocrx_word' id='word_1_288' title='bbox 99 2724 267 2789; x_wconf 88' lang='lat' dir='ltr'>Ostoriusque</span> <span class='ocrx_word' id='word_1_289' title='bbox 279 2728 447 2784; x_wconf 78' lang='lat' dir='ltr'>habebantur:</span> <span class='ocrx_word' id='word_1_290' title='bbox 460 2727 525 2775; x_wconf 83' lang='lat' dir='ltr'>adeo</span> <span class='ocrx_word' id='word_1_291' title='bbox 537 2739 566 2776; x_wconf 88' lang='lat' dir='ltr'>ut</span> <span class='ocrx_word' id='word_1_292' title='bbox 578 2735 759 2782; x_wconf 31' lang='lat' dir='ltr'>testamentum,</span> <span class='ocrx_word' id='word_1_293' title='bbox 769 2721 857 2772; x_wconf 86' lang='lat' dir='ltr'>Anteii</span> <span class='ocrx_word' id='word_1_294' title='bbox 866 2739 941 2772; x_wconf 89' lang='lat' dir='ltr'>uerno</span> <span class='ocrx_word' id='word_1_295' title='bbox 951 2723 1000 2774; x_wconf 86' lang='lat' dir='ltr'>ob·</span> 
     </span>
    </p>

    <p class='ocr_par' dir='ltr' id='par_1_6' title="bbox 80 2794 1021 3013">
     <span class='ocr_line' id='line_1_37' title="bbox 80 2794 1021 2866; baseline 0.002 -22"><span class='ocrx_word' id='word_1_296' title='bbox 80 2804 88 2818; x_wconf 69' lang='lat'>³</span> <span class='ocrx_word' id='word_1_297' title='bbox 98 2795 219 2859; x_wconf 71' lang='lat' dir='ltr'>signaret,</span> <span class='ocrx_word' id='word_1_298' title='bbox 224 2800 272 2848; x_wconf 86' lang='lat' dir='ltr'>uisi</span> <span class='ocrx_word' id='word_1_299' title='bbox 280 2801 418 2866; x_wconf 72' lang='lat' dir='ltr'>Tigellinus</span> <span class='ocrx_word' id='word_1_300' title='bbox 426 2800 667 2852; x_wconf 72' lang='lat' dir='ltr'>auctoretatitisset.</span> <span class='ocrx_word' id='word_1_301' title='bbox 678 2795 798 2845; x_wconf 79' lang='lat' dir='ltr'>Moritur</span> <span class='ocrx_word' id='word_1_302' title='bbox 803 2794 875 2860; x_wconf 81' lang='lat' dir='ltr'>priias</span> <span class='ocrx_word' id='word_1_303' title='bbox 884 2797 1000 2854; x_wconf 84' lang='lat' dir='ltr'>Anteius,</span> <span class='ocrx_word' id='word_1_304' title='bbox 1019 2843 1021 2846; x_wconf 85' lang='grc'><em>,</em></span> 
     </span>
     <span class='ocr_line' id='line_1_38' title="bbox 98 2869 1015 2940; baseline 0.004 -25"><span class='ocrx_word' id='word_1_305' title='bbox 98 2884 152 2916; x_wconf 80' lang='lat' dir='ltr'>sue</span> <span class='ocrx_word' id='word_1_306' title='bbox 162 2886 291 2936; x_wconf 77' lang='lat' dir='ltr'>supremus</span> <span class='ocrx_word' id='word_1_307' title='bbox 307 2876 406 2924; x_wconf 88' lang='lat' dir='ltr'>tabulas</span> <span class='ocrx_word' id='word_1_308' title='bbox 421 2884 597 2925; x_wconf 84' lang='lat' dir='ltr'>morareturu.</span> <span class='ocrx_word' id='word_1_309' title='bbox 611 2871 695 2940; x_wconf 84' lang='lat' dir='ltr'>Atque</span> <span class='ocrx_word' id='word_1_310' title='bbox 709 2870 768 2928; x_wconf 81' lang='lat' dir='ltr'>ills,</span> <span class='ocrx_word' id='word_1_311' title='bbox 785 2869 875 2923; x_wconf 83' lang='lat' dir='ltr'>haustu</span> <span class='ocrx_word' id='word_1_312' title='bbox 887 2884 1015 2937; x_wconf 66' lang='lat' dir='ltr'>veneno,</span> 
     </span>
     <span class='ocr_line' id='line_1_39' title="bbox 96 2942 981 3013; baseline 0.002 -21"><span class='ocrx_word' id='word_1_313' title='bbox 96 2942 243 2995; x_wconf 72' lang='lat' dir='ltr'>tarditatem</span> <span class='ocrx_word' id='word_1_314' title='bbox 254 2947 307 3007; x_wconf 78' lang='lat' dir='ltr'>ejus</span> <span class='ocrx_word' id='word_1_315' title='bbox 318 2963 434 3013; x_wconf 80' lang='lat' dir='ltr'>perosus,</span> <span class='ocrx_word' id='word_1_316' title='bbox 445 2946 569 2996; x_wconf 86' lang='lat' dir='ltr'>intercisis</span> <span class='ocrx_word' id='word_1_317' title='bbox 577 2948 663 3007; x_wconf 83' lang='lat' dir='ltr'>renis,</span> <span class='ocrx_word' id='word_1_318' title='bbox 672 2956 782 2999; x_wconf 84' lang='lat' dir='ltr'>mortem</span> <span class='ocrx_word' id='word_1_319' title='bbox 795 2948 981 3010; x_wconf 68' lang='lat' dir='ltr'>approperurit.</span> 
     </span>
    </p>

    <p class='ocr_par' dir='ltr' id='par_1_7' title="bbox 91 3015 1004 3463">
     <span class='ocr_line' id='line_1_40' title="bbox 128 3015 1000 3087; baseline -0.001 -21"><span class='ocrx_word' id='word_1_320' title='bbox 128 3015 190 3066; x_wconf 80' lang='lat' dir='ltr'>XV.</span> <span class='ocrx_word' id='word_1_321' title='bbox 213 3020 331 3070; x_wconf 88' lang='lat' dir='ltr'>Ostorius</span> <span class='ocrx_word' id='word_1_322' title='bbox 346 3021 493 3086; x_wconf 74' lang='lat' dir='ltr'>longinquis</span> <span class='ocrx_word' id='word_1_323' title='bbox 509 3021 536 3067; x_wconf 88' lang='lat' dir='ltr'>in</span> <span class='ocrx_word' id='word_1_324' title='bbox 553 3022 619 3087; x_wconf 75' lang='lat' dir='ltr'>egris</span> <span class='ocrx_word' id='word_1_325' title='bbox 627 3056 637 3079; x_wconf 88' lang='lat'>,</span> <span class='ocrx_word' id='word_1_326' title='bbox 645 3018 712 3086; x_wconf 90' lang='lat' dir='ltr'>apud</span> <span class='ocrx_word' id='word_1_327' title='bbox 725 3019 802 3075; x_wconf 73' lang='lat' dir='ltr'>finem</span> <span class='ocrx_word' id='word_1_328' title='bbox 817 3018 954 3080; x_wconf 77' lang='lat' dir='ltr'>Ligurum,</span> <span class='ocrx_word' id='word_1_329' title='bbox 973 3018 1000 3068; x_wconf 85' lang='lat' dir='ltr'>id</span> 
     </span>
     <span class='ocr_line' id='line_1_41' title="bbox 91 3088 1000 3157; baseline 0.002 -19"><span class='ocrx_word' id='word_1_330' title='bbox 91 3092 219 3154; x_wconf 67' lang='lat' dir='ltr'>temporis</span> <span class='ocrx_word' id='word_1_331' title='bbox 236 3101 291 3142; x_wconf 81' lang='lat' dir='ltr'>erat</span> <span class='ocrx_word' id='word_1_332' title='bbox 306 3111 312 3143; x_wconf 74' lang='grc' dir='ltr'><strong>ε</strong></span> <span class='ocrx_word' id='word_1_333' title='bbox 331 3094 362 3145; x_wconf 77' lang='lat' dir='ltr'>eti</span> <span class='ocrx_word' id='word_1_334' title='bbox 373 3110 465 3143; x_wconf 83' lang='lat' dir='ltr'>missus</span> <span class='ocrx_word' id='word_1_335' title='bbox 478 3096 607 3157; x_wconf 84' lang='lat' dir='ltr'>centurio,</span> <span class='ocrx_word' id='word_1_336' title='bbox 621 3094 664 3156; x_wconf 88' lang='lat' dir='ltr'>qui</span> <span class='ocrx_word' id='word_1_337' title='bbox 676 3091 770 3146; x_wconf 74' lang='lat' dir='ltr'>oedem</span> <span class='ocrx_word' id='word_1_338' title='bbox 786 3088 840 3153; x_wconf 80' lang='lat' dir='ltr'>ejus</span> <span class='ocrx_word' id='word_1_339' title='bbox 852 3101 1000 3140; x_wconf 69' lang='lat' dir='ltr'>maturasset</span> 
     </span>
     <span class='ocr_line' id='line_1_42' title="bbox 99 3159 1001 3231; baseline 0.003 -24"><span class='ocrx_word' id='word_1_340' title='bbox 99 3159 178 3209; x_wconf 82' lang='lat' dir='ltr'>Causa</span> <span class='ocrx_word' id='word_1_341' title='bbox 191 3163 326 3217; x_wconf 83' lang='lat' dir='ltr'>lustibsudi</span> <span class='ocrx_word' id='word_1_342' title='bbox 337 3184 370 3218; x_wconf 75' lang='lat' dir='ltr'>ex</span> <span class='ocrx_word' id='word_1_343' title='bbox 385 3183 417 3219; x_wconf 85' lang='lat' dir='ltr'>eo</span> <span class='ocrx_word' id='word_1_344' title='bbox 435 3168 578 3224; x_wconf 85' lang='lat' dir='ltr'>oriebatur,</span> <span class='ocrx_word' id='word_1_345' title='bbox 592 3164 662 3231; x_wconf 74' lang='lat' dir='ltr'>quud</span> <span class='ocrx_word' id='word_1_346' title='bbox 674 3166 789 3215; x_wconf 80' lang='lat' dir='ltr'>Ostorius</span> <span class='ocrx_word' id='word_1_347' title='bbox 801 3163 880 3211; x_wconf 75' lang='lat' dir='ltr'>multi</span> <span class='ocrx_word' id='word_1_348' title='bbox 896 3163 1001 3212; x_wconf 85' lang='lat' dir='ltr'>militari</span> 
     </span>
     <span class='ocr_line' id='line_1_43' title="bbox 95 3232 1002 3309; baseline 0.001 -27"><span class='ocrx_word' id='word_1_349' title='bbox 95 3232 163 3283; x_wconf 73' lang='lat' dir='ltr'>fanti</span> <span class='ocrx_word' id='word_1_350' title='bbox 173 3272 179 3292; x_wconf 87' lang='lat'>,</span> <span class='ocrx_word' id='word_1_351' title='bbox 189 3249 215 3287; x_wconf 90' lang='lat' dir='ltr'>et</span> <span class='ocrx_word' id='word_1_352' title='bbox 222 3240 328 3294; x_wconf 74' lang='lat' dir='ltr'>civicam</span> <span class='ocrx_word' id='word_1_353' title='bbox 338 3257 458 3294; x_wconf 85' lang='lat' dir='ltr'>coronam</span> <span class='ocrx_word' id='word_1_354' title='bbox 467 3239 534 3309; x_wconf 85' lang='lat' dir='ltr'>apud</span> <span class='ocrx_word' id='word_1_355' title='bbox 542 3240 698 3290; x_wconf 73' lang='lat' dir='ltr'>Britanniam</span> <span class='ocrx_word' id='word_1_356' title='bbox 706 3240 811 3287; x_wconf 87' lang='lat' dir='ltr'>meritus</span> <span class='ocrx_word' id='word_1_357' title='bbox 820 3272 827 3292; x_wconf 91' lang='lat'>,</span> <span class='ocrx_word' id='word_1_358' title='bbox 837 3236 934 3300; x_wconf 74' lang='lat' dir='ltr'>ingenti</span> <span class='ocrx_word' id='word_1_359' title='bbox 943 3252 1002 3290; x_wconf 80' lang='lat' dir='ltr'>cor-</span> 
     </span>
     <span class='ocr_line' id='line_1_44' title="bbox 95 3307 1004 3379; baseline 0.001 -24"><span class='ocrx_word' id='word_1_360' title='bbox 95 3309 167 3373; x_wconf 87' lang='lat' dir='ltr'>poris</span> <span class='ocrx_word' id='word_1_361' title='bbox 177 3310 284 3377; x_wconf 76' lang='lat' dir='ltr'>robore,</span> <span class='ocrx_word' id='word_1_362' title='bbox 302 3329 482 3379; x_wconf 83' lang='lat' dir='ltr'>armorumque</span> <span class='ocrx_word' id='word_1_363' title='bbox 494 3311 596 3361; x_wconf 77' lang='lat' dir='ltr'>orientii</span> <span class='ocrx_word' id='word_1_364' title='bbox 601 3347 610 3370; x_wconf 90' lang='lat'>,</span> <span class='ocrx_word' id='word_1_365' title='bbox 627 3323 724 3361; x_wconf 88' lang='lat' dir='ltr'>metum</span> <span class='ocrx_word' id='word_1_366' title='bbox 737 3310 834 3360; x_wconf 88' lang='lat' dir='ltr'>Neroni</span> <span class='ocrx_word' id='word_1_367' title='bbox 846 3307 954 3362; x_wconf 81' lang='lat' dir='ltr'>fecerat,</span> <span class='ocrx_word' id='word_1_368' title='bbox 968 3318 1004 3356; x_wconf 78' lang='lat' dir='ltr'>ne</span> 
     </span>
     <span class='ocr_line' id='line_1_45' title="bbox 94 3377 1002 3463; baseline -0.003 -28"><span class='ocrx_word' id='word_1_369' title='bbox 94 3380 228 3439; x_wconf 67' lang='lat' dir='ltr'>inluderet</span> <span class='ocrx_word' id='word_1_370' title='bbox 237 3387 360 3458; x_wconf 70' lang='lat' dir='ltr'>putidum</span> <span class='ocrx_word' id='word_1_371' title='bbox 369 3402 484 3463; x_wconf 79' lang='lat' dir='ltr'>semper,</span> <span class='ocrx_word' id='word_1_372' title='bbox 499 3384 633 3454; x_wconf 67' lang='lat' dir='ltr'>etrepetti</span> <span class='ocrx_word' id='word_1_373' title='bbox 643 3400 722 3458; x_wconf 78' lang='lat' dir='ltr'>nuper</span> <span class='ocrx_word' id='word_1_374' title='bbox 734 3380 908 3449; x_wconf 70' lang='lat' dir='ltr'>coniuratione</span> <span class='ocrx_word' id='word_1_375' title='bbox 922 3377 1002 3452; x_wconf 61' lang='lat' dir='ltr'>mugit</span> 
     </span>
    </p>
   </div>
   <div class='ocr_carea' id='block_1_3' title="bbox 0 0 1122 3817">
    <p class='ocr_par' dir='ltr' id='par_1_8' title="bbox 0 0 1122 3817">
     <span class='ocr_line' id='line_1_46' title="bbox 0 0 1122 3817; baseline 0 0"><span class='ocrx_word' id='word_1_376' title='bbox 0 0 1122 3817; x_wconf 95' lang='lat' dir='ltr'> </span> 
     </span>
    </p>
   </div>
  </div>
 </body>
</html>
