2234 3817
358 217 534 262 sustinuat
552 227 618 262 sss.
636 227 706 265 xrs.
777 231 783 238 ¹
932 217 979 283 257

72 302 474 370 connectebat,tqubdpecuniam
480 301 978 372 blagis'dilsrgitaessets.Aecidsratsani

71 390 168 457 pietate
183 379 295 430 Serviliae
307 376 349 443 (id
359 376 429 425 enim
442 394 535 426 nonsen
550 379 640 444 puelle
652 377 713 445 luit)
729 397 796 445 quar,
806 386 911 434 caritate
920 403 980 452 erga

71 468 219 529 parentem,
232 451 310 500 simul
323 450 493 517 imprudenti&
505 452 599 515 atatis,
611 468 661 500 non
675 466 759 514 tamen
770 456 840 504 aliud
849 460 980 508 consulta-

72 546 145 582 verat
151 571 160 595 ‚
171 528 249 597 quiam
260 542 276 575 u
284 525 314 571 de
325 525 500 573 incolumitate
512 522 616 587 dumbs,
628 538 654 574 et
668 544 700 574 sn
712 528 842 592 placabilis
854 531 938 590 Nero,
950 550 982 584 an

75 610 188 674 cognitio
196 601 445 656 senatrisuibilatrox
453 601 562 651 sdferret
570 618 595 651 u.
609 602 846 670 igituraccitaestin
855 621 981 672 senatum,

75 693 251 746 steteruntque
268 675 363 723 diversi
373 692 381 723 z
392 671 450 723 inte
467 674 580 724 tribunal
593 677 741 740 consulum,
752 681 853 743 grandis
865 699 917 732 sero
934 701 983 750 ps·

76 771 136 806 rens
146 777 153 818 ς
164 752 251 804 contri
263 749 330 807 tilia,
341 749 406 797 intra
418 749 567 797 vIcesimum
580 750 659 799 etatis
670 755 778 813 atinum,
790 771 871 820 nuper
880 757 982 818 marito,

78 829 163 880 Annio
174 828 307 885 Pollione,
320 823 346 870 in
359 822 476 870 exsilium
490 823 582 887 pulso,
601 822 703 871 viduata
716 822 876 892 desolataque
890 845 897 876 ε
913 846 942 878 ac
951 845 984 880 ne

55 951 57 954 ,
78 917 176 970 patrem
189 900 293 969 quidem
304 898 419 961 intuens,
430 896 502 961 cujus
511 896 628 945 onerisse
637 899 751 963 pericula
761 900 903 953 videbatur.

110 977 212 1026 XXXI.
225 974 292 1022 Tum
306 972 478 1033 interrogante
489 981 648 1026 accusatore,
663 979 718 1018 aaa
734 974 817 1023 cultus
829 975 942 1034 dotales,
954 993 986 1027 sa

79 1050 222 1099 detractum
239 1044 332 1095 cervici
342 1043 439 1091 monile
456 1040 667 1102 venuntledisset,
681 1039 731 1108 qub
744 1050 878 1111 pecuniam
893 1050 988 1100 iacien-

80 1125 118 1173 dis
130 1124 234 1189 magicis
246 1119 322 1172 sacris
335 1116 519 1165 contraherer»
531 1112 543 1163 ?
555 1114 668 1181 primurn
678 1127 755 1165 strata
766 1118 850 1181 humi,
861 1124 988 1190 longoque

80 1201 142 1248 fletu
151 1211 177 1247 et
187 1193 297 1254 silentio,
308 1190 477 1258 post‚altaria
486 1200 587 1237 staram
599 1189 742 1255 complexa,
753 1194 875 1254 «Nullos,
885 1202 989 1269 inquit,

80 1273 174 1339 impios
193 1272 272 1325 deos,
290 1267 373 1314 nullas
388 1261 551 1323 devotiones,
569 1280 615 1312 nec
630 1264 696 1312 aliud
714 1265 856 1317 infelicibus
873 1275 989 1337 precibus

83 1346 214 1404 invocavi,
226 1340 302 1410 quim
315 1350 342 1387 ut
352 1338 420 1386 hunc
434 1337 562 1401 optimum
570 1347 669 1402 patrem
679 1349 719 1399 tu,
732 1341 820 1399 Caesar,
832 1357 858 1392 ct
870 1362 928 1404 vos,
939 1364 990 1412 pa.

81 1431 150 1478 tres,
167 1416 299 1466 servaretis
311 1414 473 1461 incolumem.
484 1411 525 1459 sie
539 1426 664 1475 gemmas,
676 1424 702 1461 et
717 1426 811 1476 vestes,
824 1429 850 1466 et
859 1418 989 1483 dignitatis

58 1507 59 1510 ’
83 1493 190 1556 insignia
204 1490 279 1547 dedi,
299 1484 445 1551 quomodo,
465 1486 488 1533 si
505 1486 654 1549 sanguinem
672 1498 698 1534 et
714 1488 991 1557 uitam‘poposcissenr.

57 1561 62 1564 ¹
84 1564 203 1617 Viderint
217 1565 275 1625 isti,
287 1560 393 1609 antebac
406 1557 469 1607 mibi
481 1560 574 1623 Ignoti,
588 1576 638 1623 quo
654 1562 756 1610 nomine
772 1565 836 1622 sint,
850 1583 910 1628 quas
923 1580 993 1616 artes

83 1651 234 1689 exerceant:
244 1636 315 1686 nulla
325 1631 389 1680 milri
400 1632 521 1697 principis
532 1633 644 1691 mentio,
662 1635 710 1682 nisi
727 1635 793 1684 inter
810 1641 913 1686 numina
930 1641 989 1689 luit.

82 1712 171 1763 Nescit
184 1722 269 1759 tamen
281 1706 436 1755 miserrimus
448 1715 516 1769 pater
527 1722 533 1751 ι
544 1717 570 1753 et
582 1706 603 1752 si
614 1707 709 1755 crimen
721 1719 772 1764 est,
785 1710 837 1757 sola
851 1710 976 1777 deliqui».

117 1784 230 1835 XXXII.
238 1781 375 1846 Loquentis
381 1778 468 1826 adhue
475 1779 548 1827 verbs
557 1780 653 1844 excipit
660 1782 779 1838 Sorsnus,
788 1786 974 1853 proclamatque
983 1807 990 1839 :

87 1876 159 1907 onon
170 1857 240 1908 illam
251 1861 278 1906 in
290 1853 448 1922 provinciam
456 1868 542 1899 secum
551 1853 707 1916 prolectam,
718 1871 769 1901 non
782 1856 870 1906 Plauto
878 1877 923 1925 per
933 1873 990 1909 ata.

66 1943 69 1948 '
88 1929 142 1982 sain
157 1934 226 1980 nosci
238 1931 372 1996 potuisse:
392 1943 444 1976 nou
459 1926 609 1984 criminibus
628 1928 712 1973 mariti
729 1942 889 1980 connexam:
909 1935 991 1983 nimiae

88 2002 190 2054 tantirm
202 2003 300 2068 pietatis
313 2018 382 2049 reatu
393 2004 553 2065 separarent,
569 2008 643 2059 atque
656 1998 723 2062 ipse,
738 2015 921 2066 quamcumque
935 2023 993 2054 sor·

87 2089 142 2127 tem
155 2078 250 2126 subiret
259 2094 284 2135 n.
297 2074 377 2123 Simul
392 2073 419 2122 in
434 2073 565 2137 amplexus
582 2075 737 2120 occurrentis
751 2073 807 2119 filie
824 2076 927 2139 ruebat,
943 2080 994 2128 nisi

87 2142 213 2215 interjecti
222 2151 325 2198 lictores
333 2146 448 2211 utrisque
457 2144 624 2193 obstitissent.
635 2145 695 2192 Mox
703 2143 778 2193 datus
788 2148 895 2198 testibus
903 2152 973 2200 locus
985 2169 992 2202 r

89 2237 116 2274 et
123 2234 245 2287 quantum
251 2217 429 2269 misericordie
438 2218 533 2266 seritis
539 2218 706 2284 accusationis
712 2232 883 2283 permoverat,
892 2223 992 2274 tantiam

89 2297 133 2343 irae
143 2297 172 2345 P.
183 2296 303 2361 Egnatius
315 2294 386 2341 testis
395 2292 515 2341 concivit.
524 2291 659 2352 Clienslrics
670 2294 776 2351 Sorani,
787 2304 813 2342 et
823 2309 884 2344 tunc
892 2312 992 2366 emptus
1051 2295 1055 2308 “

90 2369 124 2419 sd
131 2367 326 2435 opprimendum
336 2368 459 2422 amicum,
472 2376 557 2414 auctor
562 2365 649 2413 itatem
658 2365 745 2415 StoIcae
751 2371 994 2439 sectse'praeierebat,

90 2444 178 2493 babitu
194 2456 218 2492 et
230 2458 274 2490 ore
286 2441 319 2489 ad
332 2437 521 2504 exprimendam
535 2439 669 2503 imaginem
686 2439 785 2489 honesti
798 2446 994 2504 exercitus,ce.

90 2529 173 2565 terum
185 2517 270 2563 auimo
283 2512 449 2578 perfidiosus,
464 2509 602 2565 subdolus,
616 2514 747 2562 avaritiam
762 2530 791 2561 ae
802 2515 935 2565 libidinem
948 2536 994 2567 oc-

22 2629 27 2636 .
91 2589 200 2637 cultans.
217 2588 278 2646 Quae
292 2599 426 2654 postquam
442 2585 548 2651 pecunid
562 2587 659 2633 reclusa
675 2599 748 2643 sunt,
766 2586 836 2635 dedit
851 2593 994 2656 exemplum
1035 2613 1041 2620 ·

89 2660 266 2727 praecavendi‚
277 2657 405 2722 quomodo
418 2656 549 2707 fraudibus
559 2658 701 2717 involutos,
715 2669 759 2705 aut
769 2660 869 2722 flagitiis
881 2678 996 2720 comma·

92 2734 208 2787 culatos,
221 2731 256 2778 sic
268 2734 348 2796 specie
360 2732 483 2779 bonarum
495 2730 587 2777 artium
598 2727 685 2786 falsos,
699 2740 725 2775 et
736 2729 851 2779 amicitiae
866 2733 975 2783 fallaces.

127 2804 257 2855 XXXIII.
268 2806 339 2858 Idem
349 2820 433 2856 tamen
445 2805 500 2860 dies
509 2815 534 2852 et
544 2802 680 2851 honestum
694 2805 838 2870 exemplum
849 2808 906 2856 tulit
916 2811 995 2862 Cassii

88 2878 282 2944 ‚Asclepiodotb
296 2880 339 2943 qui
352 2878 525 2944 magnitudine
541 2893 618 2941 opum
631 2875 769 2943 precipuus
783 2878 847 2926 inter
861 2880 996 2949 bithynos,
1008 2889 1012 2892 '
1036 2928 1039 2934 ,

92 2970 144 3018 qno
157 2952 278 3016 obsequio
287 2955 419 3002 florentem
427 2954 550 3022 Soranum
559 2951 742 3013 celebraverat,
757 2952 880 3001 labentem
892 2973 941 3004 non
952 2959 998 3006 de.

92 3027 181 3073 seruit.
195 3024 352 3091 Essutusque
362 3024 480 3073 omnibus
489 3024 613 3082 fortunis,
623 3035 648 3071 et
660 3026 684 3071 in
697 3025 812 3073 exsilium
823 3039 891 3074 actus
902 3049 908 3091 3
920 3034 999 3095 requi.

92 3109 145 3145 tate
152 3091 228 3144 deam
236 3114 293 3163 erga
300 3100 369 3147 bona
378 3098 493 3160 malaque
502 3095 662 3168 siocumentn
674 3097 798 3157 Thraseae,
806 3099 960 3166 Soranoque,
972 3118 999 3155 st

92 3168 206 3217 Serviliae
216 3172 289 3219 datur
301 3173 391 3221 anoctis
403 3172 546 3218 arbitrium.
558 3170 692 3218 Helvidius
702 3181 729 3220 et
739 3171 861 3222 Paconius
870 3175 941 3223 lualid
952 3172 998 3226 de-

92 3241 235 3307 pelluntur.
250 3242 388 3295 Montanus
401 3242 468 3310 patri
483 3252 683 3300 concessusest,
700 3244 818 3308 praedicto
832 3257 862 3293 ne
877 3247 902 3293 in
920 3264 998 3312 rupu-

91 3312 159 3362 blica
172 3314 315 3367 haberetur.
323 3316 530 3377 scamnorum,
538 3315 627 3380 Eprio,
638 3317 999 3382 etCossutiano,quinqnagies
1043 3317 1048 3334 “

94 3387 239 3436 sestertium
253 3391 373 3457 siugulis,
387 3389 489 3440 Ostorio
499 3386 647 3450 duodenos,
659 3396 686 3439 et
694 3391 825 3454 quaestoria
835 3391 940 3455 insignia
949 3402 999 3440 trs·

94 3457 216 3508 buuntur.
276 3464 281 3469 '

789 3528 874 3578 Ma'
