2234 3817
317 186 569 256 ,ursaoartiuar
591 217 652 260 trs.
673 219 717 256 tv.
932 206 983 260 tas

50 316 113 353 nec
122 299 248 353 homines
257 299 321 350 ned
333 316 417 366 neque
429 300 481 350 hec
493 301 629 363 continua,
644 315 670 351 et
686 299 821 352 meliorum
838 302 984 353 interventu

51 384 215 444 pensantur
228 392 234 421 t
245 373 294 421 nisi
306 372 389 436 lortlt,
404 372 501 425 Tutore
512 387 538 424 et
555 376 665 424 Classico
676 377 851 439 regnantibus.
865 375 984 424 modera-

54 449 117 499 tius
128 448 391 513 imperiumrperatis
401 459 466 512 pant
475 448 630 508 minoribus,
640 447 715 513 quim
727 465 808 508 nune,
822 448 923 497 tributis
938 466 984 515 pa-

53 522 200 572 rabuntur
215 522 354 580 exercitus,
364 518 456 584 quibus
468 520 589 570 Germani
596 521 759 584 Britannique
770 533 910 571 arceantur.
920 524 986 572 Nam

56 595 157 662 pulsis
177 593 261 660 (quod
278 595 314 644 dii
333 594 503 662 prohibeant)
515 597 654 656 Romanis,
668 594 729 658 quid
740 595 821 655 aliud,
834 595 909 660 quim
918 597 986 645 bella

59 667 192 719 omnium
201 670 267 718 inter
286 684 312 717 se
321 670 434 733 gentium
442 668 583 732 exsistenti
590 669 799 734 Octingeutorum
809 670 988 719 annorumlor·

62 739 135 793 tund
150 739 342 806 disciplianue
349 758 482 808 compages
491 742 542 792 bno
551 744 646 792 coaluit
656 763 664 803 3
674 758 727 807 que
737 742 858 800 convelli,
869 746 922 791 sine
935 744 988 791 exi·

63 816 118 865 tio.
128 816 350 875 convellentium,
366 833 418 868 oon
429 827 522 882 potest.
537 816 587 865 Sed
599 815 672 863 vobis
687 815 826 863 maximum
838 815 988 876 discrimen,

61 903 151 957 penes
174 903 240 951 quos
257 906 347 939 aurum
360 902 386 939 et
401 906 477 955 opes,
488 889 618 958 precipuae
636 887 763 937 bellorum
780 905 866 937 cauere.
880 889 989 939 Proinde

61 978 165 1031 pacem
176 972 204 1009 et
215 963 303 1012 urbem
316 1000 322 1021 ‚
334 976 409 1028 qaam
421 964 483 1013 violi
495 964 652 1027 victoresque
664 960 754 1017 eodem
764 960 817 1024 jure
827 963 971 1013 obtinemus
983 999 990 1022 ,

67 1049 160 1087 amate
173 1073 180 1095 ,
195 1036 282 1087 colite.
304 1037 428 1086 idoneam
447 1052 493 1087 rot
509 1039 640 1101 utriusque
658 1035 763 1085 {ortunae
778 1036 942 1099 documenta,
958 1052 990 1086 ue

68 1113 267 1163 contumaciam
278 1128 337 1161 cum
349 1111 478 1177 pernicie,
489 1109 564 1176 quim
573 1111 723 1174 obsequium
733 1126 790 1158 cum
800 1115 931 1160 securitate
939 1127 993 1159 ma·

69 1187 163 1237 litis».
178 1186 237 1235 Tali
246 1188 361 1247 oratione
376 1189 489 1253 graviora
502 1198 644 1237 metuentes
656 1186 959 1250 composuit,erexitque.

41 1290 46 1295 ·
106 1260 217 1311 LXXV.
229 1260 391 1310 Tenebantur
407 1262 503 1310 victore
518 1261 632 1310 exercitu
643 1259 762 1313 Treveri,
775 1274 852 1321 quum
865 1258 952 1307 Civilis
965 1266 992 1306 et

28 1314 52 1391 i.
83 1394 88 1401 .
99 1333 205 1383 lassious
215 1334 306 1384 misere
315 1333 436 1398 epistolas
443 1332 475 1380 ad
484 1334 619 1396 Gerlalem,
628 1330 792 1398 quarumhaec
801 1332 922 1380 sententia
929 1330 990 1378 snit:

56 1396 99 1456 ‘lc
110 1407 291 1472 Vespasianum
304 1444 310 1465 ,
322 1422 467 1475 quanquam
479 1408 582 1455 nuntios
598 1407 767 1464 occultarent,
786 1405 918 1452 excessisse
931 1398 992 1450 viti.

80 1478 366 1548 Urbematqneltaliam
375 1481 475 1527 interno
482 1479 549 1537 bello
558 1488 743 1542 consumptam.
753 1477 863 1524 Muciani
870 1490 898 1523 ac
906 1473 994 1523 Domi·

81 1551 144 1601 aiant
162 1568 228 1600 rana
241 1564 267 1601 et
284 1553 339 1600 siue
359 1550 457 1598 viribus
473 1551 585 1599 nomina.
598 1551 624 1597 si
634 1550 739 1597 Cerialis
748 1550 885 1613 imperium
895 1546 993 1596 Gallia-

67 1640 139 1675 ·rum
149 1626 215 1673 velit
220 1661 228 1685 ,
241 1626 309 1689 ipsos
321 1624 414 1675 linibus
425 1624 556 1677 civitatum
567 1639 668 1672 tuarum
682 1632 834 1671 contentos!
846 1623 866 1669 ai
877 1622 991 1686 prelium

79 1700 183 1758 mallet,
197 1715 230 1748 ue
250 1697 279 1747 id
295 1696 400 1762 quidem
412 1690 555 1744 abnuere».
568 1696 611 1741 Ad
627 1711 656 1743 ea
669 1695 776 1743 Cerialis
790 1694 866 1743 Civili
881 1704 905 1741 et
917 1693 991 1740 Clas-

28 1780 30 1783 “
81 1774 136 1823 eico
151 1773 216 1821 nibil
236 1787 330 1829 teum,
342 1769 386 1831 qui
403 1765 522 1815 attulerat
535 1766 602 1830 ipsas
619 1767 750 1829 epistolae,
767 1765 799 1814 ad
817 1765 993 1814 Domitianum
1015 1768 1017 1771 ’

80 1847 166 1899 misit.
184 1846 293 1899 Hostes,
306 1840 393 1890 divitis
403 1839 483 1901 copiis
494 1837 636 1894 ,advenere
645 1838 765 1899 undiquc.
777 1838 893 1900 Plerique
909 1838 995 1901 culpa·

83 1900 279 1969 barchornun
289 1950 296 1973 ,
308 1925 410 1978 passum
420 1908 492 1973 jungi
503 1941 509 1963 ,
521 1918 586 1970 quos
601 1905 724 1953 discretos
736 1909 886 1975 intercipere
901 1910 992 1959 licuis-

86 2000 136 2043 set.
148 1986 271 2038 Romanus
287 1987 412 2038 exercitus
425 1991 505 2030 castra
518 1977 598 2040 loeta,
611 1978 727 2041 valloque
739 1981 921 2031 circumdediti
935 1983 993 2047 quls
1024 2021 1027 2031 .

86 2062 184 2117 temeri
195 2072 265 2112 antea
274 2061 365 2112 intutis
377 2055 532 2108 consederat.
541 2052 618 2119 Apud
627 2050 768 2101 Germanos
777 2052 882 2105 diversis
890 2062 993 2105 senten:

86 2139 129 2194 tiis
141 2137 290 2187 certabatur.
982 2190 985 2194 A

119 2212 235 2262 LXXVI.
251 2211 335 2260 Civilis
353 2206 541 2275 «opperiendas
557 2201 809 2253 Tranrshenanorum
821 2214 922 2269 gentes,
932 2197 995 2268 qua·

89 2300 147 2334 mm
158 2296 252 2334 terrore
260 2284 343 2333 fracta
351 2283 440 2348 populi
450 2277 558 2329 Romani
565 2278 632 2326 vires
644 2278 828 2326 obtererentur.
838 2274 993 2341 Gallosquid

92 2358 174 2417 aliud,
183 2359 258 2425 quim
267 2358 376 2427 predam
389 2355 528 2405 victoribus
537 2351 549 2402 l
558 2362 677 2401 ettamen
687 2349 756 2417 quod
770 2352 869 2402 roboris
881 2353 928 2412 sit,
937 2352 993 2399 Bel·

92 2449 134 2501 gas
140 2472 150 2497 ,
159 2450 241 2483 secum
253 2433 347 2499 pallam,
356 2441 401 2479 aut
409 2440 471 2478 voto
481 2439 577 2476 stare».
586 2424 679 2483 Tutor,
690 2429 994 2474 «cunctationecrescere

93 2523 144 2557 rem
158 2505 318 2558 Romanam»
337 2503 499 2565 adfirmabat,
517 2500 692 2550 «coeuntibus
711 2498 823 2564 undique
835 2500 995 2547 exercitibus.

93 2582 266 2630 Transvectam
279 2579 293 2626 ὲ
306 2576 436 2627 britannil
448 2575 575 2640 legionem
585 2594 593 2636 ;
602 2574 693 2622 accitas
705 2589 736 2619 ex
750 2570 867 2637 Hispanisi
878 2589 886 2635 ς
897 2570 996 2619 adren-

35 2668 38 2679 '
96 2667 148 2704 tare
162 2671 189 2702 ex
199 2652 287 2705 Iulii:
301 2666 348 2699 nec
366 2650 479 2699 subitum
492 2643 672 2701 militem,'ned
689 2654 799 2691 veterem
812 2655 995 2711 expertumque

99 2722 240 2778 l›elli.llam
251 2729 391 2774 Germanos
402 2756 408 2775 ,
419 2718 464 2783 qui
473 2717 504 2763 ab
518 2716 578 2779 ipsis
594 2726 741 2779 sperentur,
760 2732 812 2764 non
827 2716 924 2778 juberi,
942 2731 994 2765 non

99 2802 165 2868 regi,
176 2802 218 2851 sed
233 2810 364 2849 cunctaex
374 2792 478 2842 libidine
491 2805 572 2854 agere.
587 2787 785 2850 Pecuniamque,
804 2804 832 2836 ac
845 2787 926 2850 dona,
939 2788 996 2851 quit
1031 2830 1037 2836 ,

99 2879 373 2938 solisterrumpautnr,
388 2866 483 2929 maiora
503 2863 571 2929 apud
589 2861 732 2911 Romanos:
746 2873 772 2911 et
788 2863 916 2909 neminem
932 2858 997 2910 adesi

99 2954 123 3003 in
137 2968 200 3001 arma
210 2962 319 3016 pronum
329 2941 340 3007 ,’
351 2956 381 2992 nt
395 2958 446 2991 uon
458 2938 644 3002 idempretium
656 2936 765 3000 quietis,
780 2935 854 3000 qnam
869 2935 993 3002 periculi,

99 3028 167 3078 malit
176 3043 183 3072 a
192 3020 260 3087 qubd
271 3022 294 3067 ei
310 3019 396 3067 statim
406 3013 613 3080 congrediantur,
623 3012 705 3058 nullas
714 3026 768 3058 esse
776 3010 888 3071 Ceriali,
906 3009 995 3057 nisiex

101 3098 208 3164 reliquiis
218 3091 365 3143 Germanici
376 3088 515 3142 exercitiis,
523 3082 648 3150 legiones,
656 3082 793 3132 foederibus
802 3084 943 3132 Galliarum
952 3081 997 3128 ob·

100 3177 198 3225 striatas.
212 3169 292 3234 ldqne
303 3168 399 3232 ipsum,
411 3161 479 3226 quud
490 3157 645 3209 inconditam
654 3174 736 3223 nuper
746 3157 876 3207 Valentini
891 3169 998 3205 manum

103 3257 183 3295 contra
191 3259 261 3310 spem
274 3257 343 3291 mam
354 3236 467 3287 fuderint
477 3235 644 3291 ,alimentum
657 3230 707 3278 illis
718 3229 826 3293 ducique
838 3226 996 3275 temeritatis.

41 3366 43 3375 ,
103 3325 302 3374 Ausitrosrursus
311 3350 319 3375 ,
329 3324 498 3374 venturosque
509 3309 535 3355 in
550 3321 641 3355 manus
648 3340 655 3362 ,
671 3321 722 3352 non
733 3304 843 3369 imperiti
854 3300 997 3349 adolescen-

42 3416 44 3449 ῑ
103 3396 163 3450 tuli,
177 3393 250 3442 rerba
269 3401 297 3438 et
312 3388 461 3442 conciones,
472 3382 547 3449 quim
557 3382 653 3430 serrum
668 3389 696 3427 et
707 3394 773 3426 arma
784 3375 941 3433 meditantis,
951 3371 997 3420 sed

42 3462 45 3545 ζ
105 3469 187 3523 Civilis
196 3476 222 3518 et
235 3464 339 3537 cunuti
357 3481 363 3513 :
378 3476 442 3528 quos
456 3457 502 3513 ubi
513 3454 687 3525 adspexerint,
703 3451 842 3507 redituram
859 3449 886 3499 iu
898 3448 995 3499 animos

372 3636 378 3661 l
