2234 3817
419 52 423 75 Ι

104 118 151 172 158
423 114 447 165 a.
466 119 558 165 eoas.
576 117 690 165 saetas

103 224 192 267 turum
204 213 319 280 possessa
333 206 414 278 Cyro,
430 218 456 257 et
472 207 532 274 plat
543 207 688 273 Alexandro
696 223 729 266 a,
740 221 786 272 per
798 202 1018 274 vaniloquentiam

101 306 130 340 ac
140 289 224 339 minas
233 287 349 351 jaciebat.
358 283 412 333 Sed·
421 282 521 332 Parthis
531 273 652 331 mittendi
662 292 774 330 secretos
785 284 889 332 nuntios
901 288 1013 335 validis.

92 366 180 415 'simus
189 377 276 413 auctor
285 361 332 408 snit
342 359 475 413 Sinnaces,
487 357 580 421 insigni
588 355 698 415 familia,
708 371 738 403 ao
747 357 853 420 perinde
865 360 972 424 opibus,
986 371 1013 408 et

102 442 231 506 prosimus
246 436 305 484 huic
324 432 425 491 Abdus,
441 430 566 495 adempte
579 428 727 478 virilitatis:
744 445 797 477 non
824 427 972 496 despectum
991 433 1020 482 jd

102 512 170 581 apud
182 512 315 570 barbaros,
333 505 452 570 ultrdque
467 504 611 570 potentiam
629 502 716 550 habet.
735 501 772 564 li,
793 502 897 552 adscitis
915 517 940 553 et
956 509 1018 556 aliis

23 634 27 639 .
46 622 48 631 ι
103 587 272 656 prirnoribus,
285 583 343 647 quia
360 580 487 629 nemiuem
496 562 764 644 gentishrsacidarum
774 580 924 626 summersi
936 581 1019 646 impo.

103 676 163 711 nere
182 662 313 724 poterant.
333 652 473 701 intersectis
495 652 527 699 ab
546 650 677 699 Artabano
693 648 835 714 plerisque,
845 661 890 697 aut
900 651 1033 702 nondum⁴

104 733 199 783 adultis
210 769 217 793 ‚
227 731 369 789 Phraaten,
382 726 448 790 regis
457 722 574 795 Phraatis
582 722 664 770 lilium
673 758 680 779 ,
688 722 768 770 Roma
779 722 934 786 poscebant:
945 726 1021 774 ablo-

103 808 172 857 mius
183 801 282 852 tannim
294 812 320 848 et
330 811 433 848 auctore
445 812 524 861 opus,
535 806 565 843 ut
575 806 666 859 sponte
679 793 795 852 Caesaris,
806 805 836 842 ut
845 809 925 859 genus
936 801 1017 846 Arsa.

52 879 57 885 ⁵
100 884 154 942 eis,
166 882 249 946 ripam
258 876 326 942 apud
335 872 473 939 Euphratis
484 881 660 919 cernereturu.

134 951 250 1006 xxxii.
269 942 390 1015 Cupitum
411 943 437 992 id
455 943 578 992 Tiberio:
599 952 675 992 ornat
691 941 833 999 Phraaten,
853 941 1014 1007 accingitque

104 1044 240 1100 paternum
255 1024 287 1073 ad
304 1022 449 1086 fastigium:
461 1017 725 1078 destinata'retinens,
741 1016 852 1063 consiliis
866 1027 892 1064 et
902 1025 1014 1063 astures

105 1114 222 1152 externas
236 1098 335 1157 moliri,
351 1108 420 1142 arma
435 1090 524 1158 procul
535 1088 637 1136 habere.
651 1084 766 1145 luterell,
783 1089 887 1153 segnitia
898 1086 1012 1147 insidiis,

104 1177 249 1231 Artabanus
263 1169 367 1221 tardari*
374 1178 444 1217 metu
454 1202 460 1222 ‚
472 1162 551 1214 modd
563 1163 687 1228 cupidine
700 1163 816 1212 vindictae
833 1160 990 1218 inardescere
1004 1178 1012 1209 ι

106 1263 134 1301 et
149 1248 262 1299 barbaris
278 1242 421 1297 cunctatio,
432 1238 544 1287 servilisr
559 1237 645 1283 statim
657 1235 773 1298 exsequi.
790 1235 888 1299 regium
902 1233 1016 1282 videtur.

105 1323 194 1374 Valuit
211 1332 296 1368 tamen
312 1313 422 1370 utilitas,
435 1320 464 1357 ut
475 1307 594 1363 Abdum,
611 1307 695 1371 specie
716 1304 833 1354 amicitie
848 1317 967 1363 rocattnn
982 1302 1017 1352 ad

105 1397 206 1463 epulas,
216 1396 286 1441 leuto
294 1400 393 1439 veneno
401 1384 526 1448 illigaret,
537 1381 663 1430 Sinnacen
673 1378 872 1431 dissimulatione
884 1394 913 1427 ac
924 1377 1017 1443 donis,

106 1471 182 1521 simul
193 1486 239 1536 per
249 1466 350 1532 negotia
360 1503 367 1529 ,
379 1471 530 1513 moraretur.
544 1459 576 1508 Et
589 1456 708 1507 Phraates
723 1454 790 1521 apud
806 1457 923 1523 Syriam,
937 1455 1018 1521 dum,

106 1546 200 1595 omisso
215 1543 286 1590 cultu
300 1540 428 1592 Romano,
452 1534 494 1581 cui
509 1546 555 1599 per
573 1542 612 1580 tot
629 1544 709 1578 annus
721 1531 887 1592 insueverat,
903 1529 1019 1578 instituta

107 1618 258 1670 Parthorum
276 1610 395 1670 insumit,
414 1606 504 1674 patriis
523 1605 639 1657 moribus
655 1603 749 1669 impar,
765 1601 1018 1664 morbuabsurnptue

106 1703 156 1743 est.
168 1690 217 1739 Sed
229 1706 279 1737 non
290 1683 408 1735 Tiberius
423 1680 510 1730 omisit
528 1678 639 1742 incepta.
651 1675 795 1732 Tiridaten,
806 1674 933 1743 sanguinis
944 1674 1014 1734 ejus-

109 1766 166 1815 dem
174 1801 180 1821 ,
189 1763 307 1813 amulum
317 1756 446 1810 Artabano
456 1773 464 1816 ς
473 1749 693 1819 resiperandaeqne
705 1749 829 1800 Armenia
842 1749 943 1797 lberuur
956 1745 1015 1793 Mi·

106 1839 233 1892 thridaten
251 1835 353 1900 deligit,
373 1829 541 1893 conciliatque
562 1826 634 1877 fratri
655 1824 832 1879 Pharasmani,
854 1824 897 1885 qui
915 1821 1013 1887 gentile
1046 1856 1048 1861 .

107 1917 242 1983 imperium
251 1908 398 1961 obtinebat:
410 1918 436 1955 et
444 1904 542 1953 cunctis
551 1939 558 1962 ,
568 1918 622 1968 quse
630 1901 697 1966 apud
707 1900 836 1950 Orientem
850 1898 1004 1962 Parabantur
1014 1930 1023 1955 ,

108 1989 140 2041 L.
153 1988 286 2037 Vitellium
300 1981 423 2052 prefecit.
436 1981 474 2030 Eo
492 1979 523 2027 de
541 1978 644 2027 homine
656 1975 726 2025 haud
736 1992 793 2025 sum
810 1974 914 2038 ignarus
924 2009 932 2030 ,
942 1971 1021 2020 sinis-

109 2074 176 2114 tram
188 2067 213 2111 in
223 2060 285 2111 urbe
292 2060 386 2107 faniam
394 2092 400 2109 .
408 2055 527 2122 pleraque
537 2051 603 2100 sceda
612 2050 765 2099 memorari:
776 2046 889 2096 ceterum
900 2043 1026 2114 regendis,

106 2138 243 2204 provinciis
254 2133 337 2199 prisci
350 2137 450 2185 virtute
457 2128 507 2193 egit
519 2144 525 2174 z
541 2125 782 2189 underegressns,
794 2118 1022 2184 etlormidineQ
1035 2129 1040 2141 ·

110 2203 227 2268 casuris,
237 2209 406 2256 familiaritate
417 2202 531 2259 Claudii,
542 2213 618 2266 turpe
625 2190 651 2248 in
661 2194 793 2247 servitium
803 2206 926 2243 mutatus.
934 2183 1026 2242 mela?

109 2285 165 2350 plar
181 2278 246 2345 apud
264 2291 387 2344 posteros
396 2277 531 2326 adulatorii
550 2273 683 2322 dedecoris
698 2271 822 2318 habetur:
837 2277 1020 2328 cesseruntque

107 2358 189 2424 prima
201 2356 346 2420 postremis,
356 2365 382 2403 et
390 2354 456 2402 bona
465 2352 574 2417 iuventae
583 2357 700 2397 senectus
707 2344 830 2406 flagitiosa
841 2338 1015 2387 oblitteravit.

141 2426 265 2485 XXXIII.
284 2426 318 2476 At
331 2442 364 2474 ex
379 2427 487 2492 regulis,
499 2426 570 2490 prior
582 2415 745 2469 Mithridates
755 2413 942 2462 Pharasmanen
953 2425 1019 2474 per-

99 2502 186 2572 pulit,
207 2499 266 2550 dolo
283 2511 309 2549 et
331 2500 355 2546 ri
377 2510 482 2549 conatus
505 2511 566 2546 snos
587 2493 676 2556 juvare
694 2505 700 2535 :
721 2487 865 2551 repertique
879 2485 1039 2544 corrupto-

107 2593 162 2643 res,
172 2577 303 2632 ministros
316 2572 415 2623 Arsacis
430 2572 513 2621 multo
525 2583 588 2618 auro
600 2563 633 2612 ad
642 2560 724 2610 scelus
735 2566 832 2624 cogunt
843 2575 849 2606 z
862 2555 937 2604 simul
947 2552 1019 2601 Iberi

108 2650 205 2714 magnis
218 2648 299 2713 copiis
309 2645 455 2696 Armeniam
465 2647 609 2708 irrumpunt
620 2672 626 2690 .
636 2647 663 2682 et
671 2633 735 2681 urbe
745 2629 868 2693 Artaxatis
877 2629 1019 2694 potiuntur.

108 2723 171 2784 Qua
182 2730 315 2784 postquam
332 2720 461 2769 Artabano
474 2717 590 2782 cognita,
602 2710 685 2758 lilium
696 2703 800 2755 Oroden
811 2698 922 2759 ultorem
934 2709 1024 2765 parat,

112 2790 204 2855 datque
223 2790 376 2840 Parthorum
393 2793 492 2855 copias,
509 2788 590 2837 mittit
605 2783 650 2847 qui
663 2781 756 2829 auxilia
768 2775 885 2826 mercede
900 2771 1024 2821 facerent.

111 2864 207 2939 Contrl
218 2864 398 2917 Pharasmanes
406 2864 542 2928 adiungere
554 2861 675 2918 Albanos,
682 2855 763 2905 accire
769 2854 905 2907 Sarmatas3
914 2860 1026 2908 quorum

111 2939 256 3004 sceptuchi,
265 2941 392 3002 utrimque
399 2936 473 2991 donis
484 2935 683 2999 acceptis,'more
692 2929 793 2995 gentico
802 2923 900 2971 diversa
906 2917 1024 2969 indulte.

108 3011 159 3060 sed
173 3011 240 3059 lberi
255 3004 375 3061 locorum
392 3020 526 3074 potentes,
544 3006 632 3072 Caspii
647 3004 684 3054 vit
697 3004 836 3051 Sarmatam
849 2995 874 3041 in
885 2991 1025 3041 Armenios

109 3085 201 3149 raptim
213 3083 361 3132 effundunt:
372 3096 398 3130 at
408 3082 451 3147 qui
460 3078 560 3129 Parthis
572 3079 755 3132 adventabant,
767 3070 839 3121 facile
852 3065 1003 3116 arcebantur
1016 3081 1023 3110 :

104 3176 189 3224 ,quum
201 3161 264 3209 alios
276 3148 387 3209 incessus
397 3158 478 3207 hostis
490 3157 639 3205 clausisset:
651 3170 731 3203 unum
744 3150 885 3213 reliquum,
899 3157 968 3190 mare
981 3141 1027 3187 in-

111 3242 150 3279 ter
161 3228 317 3280 etertre'mos
327 3231 486 3299 Albanorum
497 3237 687 3284 montes‚aestas
697 3224 847 3290 impediret:
855 3213 1025 3282 quietflatibus

112 3310 253 3357 Etesiarum
274 3308 412 3371 implentur
428 3307 508 3371 vada5
527 3306 649 3354 hibernus
672 3306 767 3354 Auster
787 3299 897 3351 revolvit
916 3297 1028 3364 fluetus,

114 3381 241 3445 pulsoque
253 3377 377 3428 introrsus
387 3376 468 3441 freto,
479 3377 565 3429 hretia
579 3376 695 3428 littorum
706 3376 847 3428 nudantur.

413 3495 422 3519 Ι
