2234 3817
151 235 153 239 Α
382 188 559 231 assamur(
576 194 642 231 ura.
659 197 710 233 xv.
923 197 925 202 ·
944 186 993 238 243

86 277 221 329 velocitate
228 273 309 335 mali,
321 284 348 322 et
359 273 471 324 obnoxia
482 275 546 325 urbe
558 277 619 327 artis
628 276 777 340 itineribus,
787 274 887 343 hucque
898 290 923 328 et
933 280 993 331 illue

86 351 173 408 flexis,
185 361 261 413 atque
283 347 432 396 enormibus
448 350 527 407 vicia,
542 350 625 413 qualis
636 360 709 398 retus
726 351 807 398 Roma
823 350 880 401 luit.
891 351 933 401 Ad
945 352 994 404 boc

83 425 196 473 lamenta
215 420 364 487 paventium
378 418 542 482 feminarum,
560 420 624 471 fessa
644 431 733 471 senum
750 438 779 471 ac
794 422 864 472 rudis
880 428 994 490 puerities

87 510 145 546 retae
157 534 163 555 ,
174 497 268 560 quique
280 492 342 556 sibi,
353 493 446 557 quique
457 496 513 543 aliis
525 494 701 560 consulebant,
714 493 775 543 dum
787 495 889 546 trahunt
900 501 994 549 invali-

88 570 136 619 dos
148 606 155 629 ,
166 580 211 617 aut
224 567 407 634 opperiuntur,
424 583 482 631 pars
494 584 610 624 morans,
625 584 682 634 pars
693 566 828 634 festinans,
844 585 935 621 cuncta
945 575 1004 636 im·⁵

87 635 246 701 pediebant:
266 644 293 680 et
309 647 387 698 sape,
402 630 463 682 dum
481 633 507 682 in
527 646 627 699 tergum
640 644 800 699 respectant,
816 634 938 687 lateribus
951 649 995 689 aut

85 708 169 759 ironte
176 706 441 757 circumveniebantur
452 726 458 755 ε
471 708 512 756 rel
524 710 546 757 si
556 710 582 756 in
592 708 708 773 proxima
717 721 847 758 evaserant
855 747 861 769 ,
870 710 920 761 illis
928 730 1001 776 quo-v

90 799 141 848 que
151 783 200 848 igni
211 778 344 844 correptis,
354 780 432 828 etiam
439 816 447 840 ,
460 796 513 846 quae
528 782 665 844 longinqua
676 780 851 844 crediderant,
865 786 890 833 in
904 786 996 837 eodem

89 873 149 906 casu
161 854 359 921 reperiebantur.
372 852 515 918 Postremo,
526 852 590 919 quid
600 855 722 911 vitarent,
736 854 797 919 quid
808 868 925 920 peterent
936 875 996 908 am·

86 929 172 995 bigui,
183 928 309 994 complere
323 926 392 986 vias,
404 930 485 990 sterni
494 943 540 992 per
552 943 639 990 agros:
657 926 759 991 quidam
770 932 868 997 amissis
877 932 997 981 omnibus

86 1003 198 1053 fortunis
209 1001 292 1050 diurni
304 1017 405 1065 quoque
420 997 517 1060 victiis,
531 1000 575 1048 alii
585 1002 689 1049 caritate
701 1016 815 1062 enorum,
827 1021 891 1068 quos
900 1007 997 1071 eripere

88 1078 269 1141 nequiverant,
284 1075 399 1140 quamvis
410 1084 513 1139 patente
532 1073 638 1139 effugio,
658 1074 785 1124 interiere.
797 1078 850 1126 Nec
865 1080 998 1143 quisquam

75 1190 79 1198 ,
89 1149 224 1208 defendere
233 1149 351 1208 audebat,
357 1148 452 1197 crebris
460 1149 601 1197 multorum
612 1150 688 1197 minis
695 1151 848 1216 restinguere
861 1153 1000 1218 probiben-

86 1225 169 1286 tium,
181 1236 205 1274 et
214 1225 274 1290 quia
285 1225 328 1273 alii
341 1222 423 1288 palim
435 1222 501 1270 laces
510 1222 647 1286 jaciebant,
659 1235 734 1287 atque
744 1240 797 1273 esse
808 1226 855 1274 sibi
866 1223 997 1276 auctorem

91 1299 309 1364 vociferabantur,
323 1298 375 1345 sive
387 1308 416 1344 ut
432 1309 519 1362 raptus
531 1296 650 1345 licentirls
661 1311 821 1356 exercerent,
836 1317 879 1349 eeu
889 1300 967 1361 iussu.

125 1372 246 1421 xxxix.
258 1373 296 1421 Eo
305 1371 331 1419 in
341 1382 454 1435 tempore
462 1368 531 1418 Nero
539 1368 627 1428 ,Antii
637 1388 728 1435 agens,
740 1389 791 1421 nnn
801 1373 859 1422 ante
869 1377 895 1421 in
906 1375 996 1423 urbem

90 1461 217 1511 regressus
226 1458 273 1505 est,
282 1443 357 1509 quim
365 1442 455 1492 domui
463 1441 581 1506 ejus‚qui
590 1444 712 1508 palatium
721 1455 747 1492 et
754 1445 899 1496 Maecenatis
907 1447 996 1497 hortos

91 1521 292 1576 continuaverat,
303 1517 369 1582 ignis
376 1513 569 1581 propinquaret.
580 1515 668 1578 Neque
679 1528 761 1565 tamen
770 1518 825 1566 sisti
832 1521 924 1584 potuit,
936 1523 995 1585 quin

21 1639 29 1656 x
90 1604 117 1642 et
130 1593 263 1657 palatium,
273 1600 301 1638 et
313 1589 421 1641 domus.
435 1598 461 1635 et
471 1597 560 1634 cuncta
576 1587 674 1646 circum
686 1589 855 1639 haurirentur.
867 1593 915 1640 Sed
925 1596 997 1652 sola.

88 1668 153 1719 tium
168 1667 264 1731 populo
279 1663 413 1712 exturbato
428 1671 454 1709 et
468 1660 591 1726 profugo,
605 1678 722 1729 campum
736 1665 841 1720 Martis,
858 1681 887 1714 ac
904 1684 997 1718 monu-

88 1751 173 1791 menta
187 1739 305 1804 Agrippa
315 1772 322 1793 ,
333 1736 423 1785 hortos
433 1736 494 1798 quin
509 1736 588 1783 etiam
598 1753 671 1793 suos,
691 1735 809 1801 patefecit
820 1756 825 1784 :
838 1748 864 1786 et
874 1741 1018 1794 subitaria*

24 1808 27 1814 ¹
88 1814 189 1863 aedificia
201 1812 339 1867 exstruxit,
354 1826 408 1873 que
420 1808 612 1858 multitudinem
631 1811 733 1873 inopem
749 1811 909 1878 acciperent:
929 1815 995 1862 aub-
1050 1839 1059 1846 ι

90 1899 210 1950 rectaque
219 1885 336 1933 utensilia
347 1883 379 1932 ab
394 1881 483 1939 Orelli,
497 1894 524 1929 et
534 1882 683 1949 propinquis
696 1885 857 1948 municipiis3
871 1889 995 1949 pretium·

93 1975 142 2023 que
159 1959 277 2005 immenti
289 1958 431 2016 minutum,
451 1953 573 2018 usquead
585 1965 671 2002 ternos
681 1972 811 2004 nummos.
826 1957 903 2019 Qua,
912 1976 996 2023 quan.

88 2047 169 2098 'qnam
186 2032 328 2098 popularia,
342 2030 371 2078 in
386 2030 486 2075 irritum
501 2027 642 2087 cadebant,
662 2030 720 2089 quia
738 2042 881 2092 pervaserat
899 2048 996 2090 rumor,

92 2107 168 2172 «ipso
178 2118 291 2171 tempore
304 2105 431 2169 flagrantis
443 2103 527 2162 urbis,
541 2102 617 2150 inisse
635 2117 696 2150 eum
708 2099 872 2154 domesticam
881 2122 995 2172 scenam,
1013 2141 1014 2144 =

91 2192 118 2229 et
130 2181 248 2228 cecinisse
263 2179 400 2243 Troianum
414 2175 555 2241 excidium,
575 2176 706 2242 presentis
716 2177 782 2228 mala
794 2177 900 2230 vetustis
913 2177 997 2231 cladi·

91 2255 140 2303 bus
151 2252 378 2302 adsimulanrems.
594 2275 607 2302 a
941 2245 944 2254 ⁴

82 2353 86 2358 ·
124 2326 180 2374 xt..
193 2327 267 2376 Sexto
281 2324 385 2378 demum
407 2324 448 2374 die
458 2323 552 2389 „apud
571 2324 635 2372 imas
653 2323 790 2388 Esquilias,
809 2323 866 2373 linis
879 2324 999 2375 incendio

92 2396 186 2455 lactus,
197 2402 309 2465 prorutis
327 2415 371 2465 per
388 2400 541 2447 immensum
552 2396 679 2458 adificiis,
693 2409 722 2447 ut
736 2398 861 2446 continua
874 2399 997 2448 violentie

89 2485 207 2537 campus,
225 2483 251 2520 et
271 2472 341 2521 velut
358 2463 464 2521 vacuum
484 2473 577 2519 coelum
592 2475 746 2520 occurreret.
762 2471 816 2519 Nec
833 2468 893 2518 dum
913 2475 997 2536 posito

91 2557 160 2592 metu
171 2582 177 2601 ‚
190 2546 293 2594 redibat
309 2546 372 2593 levis
384 2561 485 2596 rursum
497 2551 625 2607 grassatur
640 2543 718 2608 ignis.
736 2542 828 2606 patulis
841 2545 919 2606 magia
929 2545 997 2592 urbis

88 2616 167 2672 locis,
178 2619 258 2683 ebque
273 2617 366 2684 strages
375 2620 507 2669 bominum
519 2619 602 2666 minor
614 2634 619 2663 :
634 2616 739 2663 delubra
749 2612 839 2673 deilm,
851 2617 997 2679 etporticus
1012 2621 1014 2624 '

79 2691 233 2738 ,amoenitati
246 2690 346 2757 dicate,
363 2693 439 2742 latiits
455 2691 597 2758 procidere,
614 2684 725 2749 Plusque
741 2684 848 2734 iufamia
866 2686 892 2734 id
910 2689 997 2737 iucen-

91 2762 165 2811 dium
177 2762 278 2824 habuit,
292 2765 348 2827 quia
359 2765 458 2830 praediis
468 2762 589 2827 Tigellini
599 2760 743 2809 AEmilianis
752 2771 906 2823 proruperat.
917 2761 998 2811 Vide·

90 2835 216 2900 baturque
229 2838 297 2885 Nero
308 2838 442 2887 condenda
455 2838 526 2885 urbis
537 2850 607 2883 novae
618 2870 624 2889 ,
637 2844 663 2881 et
677 2844 844 2898 cognomento
853 2835 1000 2898 suoappela

89 2908 172 2958 landae
186 2911 292 2976 gloriam
302 2928 422 2975 quaerere.
436 2911 537 2975 Quippe
551 2910 578 2956 in
589 2908 704 2973 regiones
715 2905 905 2970 quatuordecim
919 2906 998 2957 Roma

88 2981 233 3034 dividitur:
253 3001 363 3049 quarum
377 2997 486 3048 quatuor
505 2985 605 3047 integras
623 2981 774 3041 manebant,
790 2992 840 3029 tres
853 2982 907 3030 eolo
923 2995 998 3031 tenus

88 3054 211 3115 deiectae:
231 3065 330 3122 septem
347 3058 451 3121 reliquis
467 3070 547 3122 pauca
562 3067 688 3106 tectarum
709 3052 813 3119 vestigia
834 3068 1008 3119 supererants

87 3127 171 3176 lacera
186 3141 212 3177 et
221 3132 352 3181 semiusta.

123 3200 196 3250 XLI.
209 3202 349 3266 Domuum,
360 3216 386 3256 et
398 3204 548 3265 insularum,
557 3213 585 3250 et
596 3200 759 3268 templorum,
768 3216 821 3262 quae
831 3201 921 3248 anniam
928 3211 996 3255 sunt.

90 3273 230 3325 numerum
249 3280 322 3328 inire·
333 3277 401 3328 ltautl
420 3289 567 3343 promptum
582 3274 659 3325 fuerit
671 3289 676 3321 ε
689 3271 733 3321 red
748 3265 919 3321 vetustissimi
937 3265 1010 3317 reli-⁹

88 3350 182 3414 girone,
193 3351 263 3415 quod
271 3355 374 3402 Servius
382 3352 482 3402 Tullius
492 3352 568 3400 Lunae
578 3386 585 3412 ,
598 3363 623 3399 et
631 3350 722 3414 Magna
730 3364 773 3397 ara
783 3347 933 3407 sanumque,
945 3359 999 3407 qua

87 3426 209 3489 presenti
217 3426 323 3493 Herculi
333 3425 539 3494 ArcasEvander
548 3434 703 3485 sacraverat,
717 3417 999 3538 ιιιίιεειῃὶει8ιειιοι·ἰε,.ϊο-1

368 3511 370 3514 -
837 3501 853 3534 a
