2234 3817
116 157 167 225 178
382 192 384 201 ,
435 161 710 203 eternoacum
755 192 758 193 γ
813 163 816 171 ·

823 207 827 225 l

116 251 189 305 sertii
201 263 238 301 ter
251 247 342 300 millies
351 252 495 316 possessor,
506 248 613 314 antiqua
626 243 787 315 parcimonia
798 243 921 302 laudibus
931 248 1033 304 suntn-

68 334 79 346 ²
118 327 228 377 labatur.
1087 318 1090 323 ’

152 399 219 449 LIV.
232 397 267 449 At
277 414 329 446 non
340 395 414 446 frater
423 395 477 458 ejus
488 430 494 453 ,
504 407 674 462 cognomento
683 395 779 458 Felix,
789 397 846 461 pari
851 396 1035 449 moderatione

120 472 225 537 agebat,
237 469 288 535 jum
306 467 406 535 pridem
418 468 431 517 J
434 470 507 517 ndreae
526 469 675 535 impositus,
689 480 715 518 et
732 481 824 518 cuncta
834 469 967 537 malefacta
979 472 1033 521 siti

119 542 224 615 impunis
241 554 324 598 ratus,
340 542 412 590 tanti
430 540 545 608 potentii
558 542 674 593 subnixo.
691 542 755 591 saue
772 543 933 607 prebuerant
950 543 1031 593 ludaei

121 622 231 683 speciem
251 617 352 679 motus,
372 617 429 667 orti
447 618 587 677 seditIons',
607 630 744 686 postquam
758 619 860 685 cognitis
877 621 945 669 ende
962 622 1035 682 Caii,

119 690 189 744 baud
204 692 409 758 obtemperatum
423 704 504 741 esset:
517 693 638 742 manebat
650 705 749 756 metus,
767 709 800 741 ne
818 695 876 758 quis
887 695 1036 761 principum

120 765 211 817 eadem
225 764 392 830 imperitaret.
405 764 490 831 Atque
503 767 607 815 iuterim
619 766 691 815 Felix
710 768 896 833 intempestivis
911 766 1034 817 remediis

122 838 216 890 delicta
230 838 397 913 accendebap,
409 839 500 892 remulo
519 840 551 889 ad
564 839 701 891 deterrima
710 839 835 890 Ventidio
849 842 979 903 Cumano,
991 842 1034 892 cni

120 931 180 982 part
191 915 325 981 provinciis
335 912 476 964 habebatur
487 932 493 962 :
507 916 542 964 ita
551 914 657 979 divisis,
670 927 700 965 ut
708 915 768 966 buic
776 916 940 965 Gatttaotum
949 916 1032 974 natio,

122 990 158 1044 Fe
170 993 202 1040 ici
212 992 340 1041 Samaritae
349 1002 481 1058 parerent,
492 990 625 1043 discordes
637 995 714 1053 olim,
729 1005 755 1043 et
766 992 822 1042 timi
833 1003 977 1058 contemptu
989 1006 1034 1040 rs·

122 1069 237 1133 gentium
248 1065 333 1118 minirs
342 1068 461 1117 coercitis
472 1067 550 1119 odiis.
560 1071 643 1134 Igitur
655 1083 755 1139 raptare
769 1070 833 1118 inter
841 1086 880 1129 se,
892 1068 1035 1116 immittere

121 1143 253 1193 latronum
265 1142 534 1208 globos,‚componere
546 1144 667 1204 insidias,
677 1159 704 1194 et
717 1142 851 1209 aliqnandd
864 1141 955 1208 praeliis
967 1157 1035 1209 oons-

123 1214 213 1282 predi,
223 1217 354 1282 spoliaque
365 1222 393 1267 et
403 1216 499 1283 praedas
509 1215 541 1265 ad
550 1230 732 1284 procuratores
740 1216 841 1266 referre.
854 1215 938 1280 Hique
948 1211 1037 1280 primis

123 1288 218 1345 letari,
227 1306 286 1338 mox
295 1291 417 1356 gliscente
425 1291 547 1356 pernicie,
554 1307 635 1356 quum
642 1291 831 1342 srmamilitum
841 1289 1036 1351 interiecisseut,

125 1362 182 1410 ensi
197 1362 301 1435 milites.
309 1361 474 1437 ,Arsissetque
490 1363 560 1421 bello
573 1367 723 1430 provincia,
736 1366 764 1414 ni
780 1364 940 1429 Quadratus,
961 1360 1040 1428 Syriae

126 1445 224 1494 rector,
239 1436 406 1487 subvenisset.
420 1437 476 1486 Nec
484 1434 531 1485 diis
540 1435 662 1491 adversita
672 1436 787 1495 ludens,
800 1437 845 1501 qui
854 1439 879 1484 in
890 1450 979 1485 secent
990 1434 1039 1482 mi·

128 1506 203 1557 litum
214 1520 396 1573 proruperant,
408 1507 569 1570 dubitatum,
584 1511 646 1574 quin
658 1510 739 1576 capite
753 1510 969 1574 poenaslnerent:
983 1507 1039 1556 Cn·

127 1596 218 1630 manus
230 1591 256 1628 et
272 1581 342 1630 Felix
355 1582 544 1637 cunctationem
556 1582 717 1645 adserebant,
728 1581 787 1647 qnia
798 1581 937 1646 Claudius,
953 1580 1039 1629 cantis

125 1651 270 1705 rebellionis
282 1651 389 1711 auditis,
402 1654 440 1717 jus
452 1654 584 1709 statuendi
596 1657 673 1705 etiam
688 1654 719 1703 de
731 1655 940 1720 procuratoribus
951 1651 1036 1700 dede·

125 1736 175 1776 rat.
188 1724 239 1773 sed
253 1722 398 1792 Quadratus
410 1727 524 1777 Felicem
537 1727 607 1777 inter
617 1726 714 1790 judices
733 1720 887 1789 ostentavit,
904 1735 1036 1789 receptum

127 1798 154 1850 'tn
170 1800 281 1850 tribunal
292 1838 299 1861 ,
311 1801 362 1867 qud
379 1803 463 1855 studia
475 1805 649 1853 accusantium
663 1792 866 1850 deterrerentur:
884 1800 1037 1847 damnatus-

127 1890 177 1947 que
189 1876 341 1943 flagitiorum
348 1913 356 1937 ,
369 1895 423 1944 qua
433 1877 485 1928 dno
502 1877 677 1944 deliquerant,
689 1874 829 1926 Cumanus:
847 1887 873 1923 et
888 1873 959 1941 quies
970 1890 1040 1940 pro·

129 1950 218 1999 vinciae
232 1948 341 2000 reddita.

161 2023 216 2076 LV.
227 2024 281 2074 Nec
294 2025 377 2083 multb
388 2037 446 2093 post
458 2025 599 2092 agrestium
611 2022 724 2076 Cilicum
734 2023 865 2099 natiqnes,
878 2021 969 2087 quibus
985 2021 1041 2074 Cli·

130 2106 221 2149 larum
237 2110 450 2165 cognomentum,
465 2101 529 2167 'sapi
541 2112 569 2148 et
583 2098 645 2149 aliis
658 2109 808 2153 commota,
819 2107 882 2144 tnnc
898 2093 1043 2143 Trosobore

129 2169 207 2228 duce,
219 2183 318 2219 montes
331 2188 435 2239 asperos
448 2175 536 2222 castris
549 2172 650 2238 cepere.
667 2172 754 2235 Atque
768 2167 827 2217 inde
838 2169 945 2217 decursu
958 2168 984 2215 in
993 2166 1042 2215 lit·
1083 2226 1092 2232 .

130 2250 202 2307 tora,
219 2252 263 2289 aut
273 2243 362 2298 urbes.
374 2246 428 2292 vim
444 2244 586 2297 cultoribus
597 2256 624 2292 et
635 2243 788 2310 oppidanis,
804 2258 833 2289 ac
848 2242 998 2306 plerumque
1014 2238 1042 2286 in

132 2324 283 2378 mercatores
295 2326 319 2363 et
331 2318 500 2367 navicularios
509 2317 646 2367 audebant.
658 2316 815 2374 obsessaque
825 2314 916 2361 civitas
925 2314 1042 2360 Arserun-

130 2380 233 2440 riensis.
252 2400 278 2437 et
299 2390 369 2438 missi
382 2390 396 2438 ὲ
409 2392 479 2460 syrii
499 2393 524 2441 in
543 2384 687 2439 subsidium
708 2384 821 2448 equites,
840 2399 900 2430 111111
921 2383 1045 2447 Ρ111Γίῦῑῠ

133 2456 222 2510 Curtio
235 2462 344 2523 Severo,
360 2466 494 2517 turbantur
505 2485 512 2533 3
524 2461 594 2530 quiid
604 2461 663 2510 duri
675 2457 771 2508 circirm
781 2458 847 2513 loci,
860 2456 1044 2522 peditibusque

131 2533 164 2583 ad
183 2550 293 2605 pugnam
310 2536 412 2603 idonei,
430 2548 542 2606 equestre
558 2533 675 2601 praelium
693 2529 762 2580 baud
777 2530 949 2597 patiebantur.
970 2529 1043 2579 Dein

131 2625 177 2659 rex
188 2610 241 2670 ejus
256 2627 305 2660 ore
320 2610 478 2670 Antiochus,
493 2607 677 2660 blandimentis
689 2605 808 2654 adversus
821 2602 938 2670 plebem,
951 2601 1043 2651 fraude

132 2684 158 2733 in
174 2682 284 2748 ducem,
304 2700 383 2750 quum
400 2686 567 2736 barbarorum
584 2683 673 2749 copias
686 2678 862 2738 disseminet,
878 2676 1045 2740 Trosobore,

129 2757 266 2821 paucisque
278 2760 431 2823 primoribus
446 2759 586 2809 interiectis
593 2796 602 2819 ,
614 2768 712 2806 ceteros
724 2751 858 2802 clementii
870 2751 1029 2817 composuit.

163 2828 238 2876 Lvt
251 2831 304 2878 Sub
321 2831 390 2880 idem
408 2844 530 2899 tempus,
546 2835 613 2881 inter
630 2832 715 2880 latum
732 2828 874 2883 euenum,
891 2835 1043 2887 ”numqui

130 2901 217 2957 Lirin,
231 2894 352 2968 perrupto
367 2918 473 2967 monte,
489 2907 540 2972 qub
552 2905 742 2973 magnificentia
756 2902 838 2969 operis
850 2900 864 2948 i
874 2899 989 2964 pluribus
1003 2898 1044 2943 ri-

134 2988 247 3034 seretur,
267 2978 324 3026 lacu
337 2980 364 3026 iu
381 2979 436 3049 ipso
450 2983 538 3030 navale
558 2981 675 3047 praelium
693 2978 846 3038 adornatur,
868 2984 897 3021 ut
914 2969 1044 3036 quondam

64 3092 68 3103 ,
134 3047 281 3113 Augustus,
302 3053 445 3102 structoris
461 3053 575 3102 Tiberim
591 3067 697 3121 stagno,
713 3051 760 3101 sed
774 3051 873 3114 leuibus
888 3046 1007 3110 navigiis,
1019 3057 1046 3094 et

133 3123 236 3171 minore
254 3125 327 3191 cupid
345 3124 467 3174 ediderat.
483 3125 606 3174 Claudius
626 3128 745 3175 triremes
764 3114 1002 3188 qmdriremesque,
1019 3127 1045 3165 et

111 3202 114 3209 “
135 3195 292 3260 undeviginti
303 3198 437 3247 hominurn
449 3198 530 3245 millis
540 3199 648 3246 armavit
658 3216 667 3264 5
676 3200 765 3246 cincto
776 3196 874 3244 ratibus
886 3192 983 3239 ambitu
994 3227 1001 3248 ‚
1013 3204 1046 3239 rsa

132 3283 194 3332 vaga
204 3269 292 3332 efl'ugis
300 3269 401 3318 iurent:
413 3282 535 3317 notamen
545 3270 657 3332 spatium
666 3270 815 3335 amplexus,
826 3266 859 3315 ad
868 3266 919 3312 rim
929 3265 1045 3328 remigii:

75 3374 82 3378 υ
132 3334 327 3403 gubernantium
337 3340 406 3405 a'rtes
415 3379 422 3399 ,
432 3345 542 3405 impetus
550 3343 670 3403 narium,
680 3342 801 3408 etpraelio
811 3340 897 3388 solita.
909 3337 939 3388 ln
948 3339 1047 3388 ratibus

104 3458 108 3491 t
129 3412 307 3475 pretoriarsun‘
315 3411 460 3462 cohortium
472 3412 596 3476 manipuli
609 3425 750 3481 turmaeque
760 3413 924 3476 adstiterant,
935 3404 1046 3480 autepo-¹
