2234 3817
141 136 188 191 154
459 140 484 179 c.
501 142 593 179 court.
611 137 729 179 rterrr

140 229 221 298 speria
232 225 379 285 dimensus,
386 221 477 273 herere
487 221 585 289 primo,
599 221 659 271 dein
666 216 813 288 perdocere,
823 231 865 288 et,
876 226 1052 290 quantumin..

139 303 300 369 trospiceret,
310 298 389 364 tnagis
399 313 428 346 sc
437 299 516 362 magis
529 294 645 362 trepidus
653 293 830 344 admirationis
839 307 865 346 et
872 299 966 363 metite,
974 314 1053 367 port.

139 376 213 428 remi>
227 374 365 433 exclamat,
384 369 552 433 «ambiguum
566 368 616 417 sibi
635 382 665 415 ac
681 366 761 433 prope
773 367 894 419 ultimum
912 372 1054 424 discrimen

139 454 232 501 instare
240 465 265 496 u.
274 446 341 495 Tum
348 441 496 509 complexus
506 456 566 490 eum
571 441 705 496 Tiberius,
717 442 871 505 cpraescium
877 448 1051 510 periculorum

139 535 166 574 et
176 521 328 572 incolumem
340 517 392 566 sore
399 534 414 565 u
423 506 557 581 ⁸gratatur,
567 531 671 579 queque
682 512 797 576 dixerat,
808 519 905 567 oraculi
917 520 970 569 rice
980 523 1053 585 acci.

138 599 225 665 piens,
240 594 305 643 inter
318 592 424 643 intimos
434 589 578 639 amicorum
589 600 668 637 tenet.

171 680 256 728 XXII.
271 676 321 727 Sed
331 675 396 724 mihi
406 674 458 723 hnc
468 689 498 722 ac
507 670 566 721 talia
575 670 707 739 audienti}
718 672 744 721 in
754 673 851 723 incerto
863 675 987 738 judicium
996 690 1050 745 est,

88 796 93 799 .
137 750 222 801 {stone
241 767 280 800 res
294 748 458 806 mortalium,
475 757 504 794 et
519 747 669 794 necessitate
684 746 850 807 immutabili,
864 764 897 796 en
910 747 977 798 forte
992 751 1051 799 vol·

137 834 248 874 ventur:
268 824 361 889 quippe
382 817 581 885 sapientissimos
593 828 723 879 veterum,
744 822 837 885 quique
853 833 950 871 sectatu
961 839 1051 872 eorum

139 902 296 956 emulantur,
306 898 419 946 diversos
427 894 546 960 reperies,
553 911 584 942 cc
592 895 681 943 multis
691 897 791 945 insitum
804 898 965 964 opinionem,
976 914 1054 947 onon

139 977 212 1026 initis
226 972 322 1030 nostrl,
336 987 387 1019 non
400 969 488 1030 finem,
503 983 555 1016 non
568 967 677 1032 denique
691 968 807 1018 homiues
823 969 873 1019 diis
886 986 968 1020 curae:
987 971 1048 1018 ideo

139 1047 291 1096 creberrimo
302 1044 382 1092 tristis
393 1043 420 1090 in
432 1030 529 1097 bonel,
541 1051 567 1089 et
577 1040 633 1089 laeta
645 1041 715 1107 opud
727 1041 864 1092 deteriores
875 1059 958 1109 esser.
974 1043 1050 1091 Con-

140 1119 179 1170 tri
193 1120 251 1180 slii,
266 1115 367 1167 clatum
379 1114 483 1180 quidem
495 1129 636 1179 congruere
648 1116 746 1165 rebus»
764 1128 867 1182 putant,
884 1115 1018 1164 «sednon
1035 1115 1052 1166 ὃ

139 1195 208 1259 ragis
218 1191 310 1250 stellis,
323 1187 413 1239 verritu
424 1187 492 1253 opud
503 1188 642 1253 principia,
655 1199 682 1237 et
694 1190 775 1239 n'exus
785 1191 936 1239 naturalium
953 1205 1050 1238 causa-

115 1310 120 1319 ,
138 1282 195 1316 rum
210 1287 215 1315 :
230 1282 258 1321 nc
275 1276 359 1313 tamen
372 1262 523 1311 electionem
536 1262 615 1319 vitreo
624 1261 704 1311 nobis
713 1263 879 1327 relinquunt3
890 1272 987 1331 squam
1004 1264 1051 1313 ubi

138 1341 257 1406 elegeris,
269 1350 368 1387 certum
379 1335 568 1385 imminentium
582 1336 702 1385 ordinem
715 1354 722 1385 z
737 1353 819 1402 neque
831 1339 897 1387 mola
912 1338 953 1387 vel
964 1339 1050 1406 bona,

138 1432 192 1479 quie
202 1416 290 1480 vulgus
301 1423 386 1479 putet:
397 1410 491 1460 multos
501 1412 545 1475 qui
554 1412 695 1461 conflictari
704 1412 816 1461 adversis
826 1413 960 1462 videantur
970 1449 976 1471 ,
985 1413 1051 1462 bea-

118 1500 124 1523 ‹
137 1492 195 1543 tos3
210 1497 239 1528 sc
252 1480 399 1544 plerosque,
412 1493 672 1542 quenquam-magnes
688 1494 731 1545 per
744 1493 805 1544 opes
816 1513 823 1536 ,
835 1478 995 1528 miserrimos
1009 1498 1015 1527 r
1029 1479 1051 1528 si

137 1554 174 1603 illi
184 1568 285 1620 gravem
295 1551 421 1600 fortunam
433 1563 579 1601 constanter
591 1553 711 1612 tolerent,
723 1551 751 1600 lai
766 1552 885 1619 prosperi
903 1553 1048 1602 inconsulte

136 1640 269 1679 utentur».
277 1627 397 1689 Ceterum
405 1626 864 1692 plurimismortaliumconcurritur,
872 1629 932 1693 quin
940 1629 1046 1693 «primo

136 1702 256 1768 cujusque
274 1712 332 1759 ortu
349 1711 455 1750 ventura
473 1700 656 1752 destinentur:
676 1703 720 1752 sed
730 1702 846 1768 quaedum
862 1719 946 1763 secus,
962 1700 1042 1764 quim

59 1810 62 1817 ·
137 1776 277 1833 dictasint,
288 1773 392 1831 cadere,
404 1771 509 1824 fallaciis
519 1774 605 1840 ignara
614 1775 768 1824 dicentium:
783 1777 816 1823 ita
827 1776 953 1839 corrumpi
963 1773 1045 1825 fidem

137 1848 198 1898 ortis
208 1883 214 1901 ,
224 1845 296 1912 euius
306 1846 372 1895 clara
385 1845 537 1896 documento
548 1885 554 1907 ,
567 1860 593 1896 et
605 1849 709 1913 antiqua
720 1858 776 1896 setas
790 1858 815 1894 et
825 1859 909 1896 nostra
924 1846 1046 1896 tulerit».

137 1920 237 1988 Quippe
248 1918 261 1969 i
273 1919 325 1969 filio
337 1919 452 1987 ejusdem
460 1920 590 1987 Thrasylli
599 1920 746 1987 praedictum
756 1918 866 1969 Neronis
874 1919 1012 1984 imperium
1019 1920 1048 1969 in

136 2006 250 2063 tempore
259 1994 457 2053 memorabitur,
468 2010 501 2042 ne
514 2010 582 2043 nunc
594 1996 696 2061 incepto
705 1992 806 2060 longius
816 1994 932 2043 abierim.

168 2069 272 2121 XXlll.
284 2069 379 2120 lisdem
391 2070 554 2127 oonsulibus,
568 2070 652 2118 Asinii
665 2069 734 2119 Galli
742 2084 812 2137 more
821 2069 955 2133 vulgatur,
968 2069 1046 2130 quern

137 2156 246 2209 egestate
256 2144 306 2191 cibi
316 2156 475 2209 peremptum
488 2141 556 2190 hsud
566 2137 695 2202 dubium}
709 2150 814 2207 sponte,
828 2142 869 2189 rel
885 2140 1050 2196 necessitate,

136 2220 262 2269 incertum
278 2218 427 2289 debebatur.
450 2219 637 2284 consultusque
655 2219 738 2267 Caesar
754 2236 793 2268 an
808 2217 919 2287 sepeliri
933 2219 1048 2273 sineret,

136 2302 188 2341 stou
197 2291 298 2338 erubuit
308 2293 471 2355 permittere,
481 2290 601 2356 ultrdque
610 2291 723 2339 incusare
734 2305 841 2343 «casus,
854 2289 897 2351 qui
906 2305 978 2336 reum
989 2288 1049 2336 abs-

137 2363 267 2422 tulissent,
285 2375 418 2429 antequam
428 2364 514 2414 sorim
525 2365 737 2414 convinceretur»
747 2379 753 2407 :
765 2359 860 2408 scilicet
867 2359 953 2408 medio
962 2362 1046 2409 trien-

135 2438 180 2486 nio
191 2435 304 2486 defuerst
319 2449 419 2505 tempus
434 2439 560 2489 subeundi
573 2437 694 2500 judicium
705 2433 831 2482 consulari
842 2434 893 2480 seni
903 2467 911 2490 ,
926 2443 966 2480 tot
977 2448 1047 2480 con-

136 2513 370 2582 sular-iumpareuti.
378 2516 474 2566 Drusus
483 2514 574 2566 deinde
583 2511 763 2576 exstinguitur,
773 2525 852 2574 quum
859 2523 885 2558 se
894 2504 1046 2555 miserandis

136 2593 277 2654 elimentis,
288 2592 431 2643 mandendo
440 2594 453 2642 e
464 2595 543 2645 cubili
552 2601 679 2649 temtum,
692 2585 907 2636 ⁰0¹¹¹1m⁸ddlem
918 2582 1045 2631 delium·

137 2678 184 2715 set.
198 2665 335 2716 Tradidere
347 2664 449 2734 quidam
459 2706 466 2729 ,
478 2660 654 2734 praescriptum
664 2657 741 2711 luisse
756 2659 886 2713 Macroni,
899 2659 921 2706 si
930 2671 998 2704 arma
1009 2652 1043 2701 ab

136 2738 225 2800 Seiano
234 2750 401 2807 tentarentur,
420 2753 563 2791 extructum
572 2735 688 2788 custodit
698 2735 814 2800 juvenem
825 2732 898 2799 (nam
909 2732 936 2779 in
948 2728 1045 2795 palatio

137 2811 305 2880 attinebatur)
313 2814 403 2864 ducem
416 2816 513 2881 populo
525 2818 658 2881 imponere
669 2831 676 2861 2
688 2827 763 2867 mox,
774 2810 831 2874 quie
841 2820 931 2856 rumor
939 2802 1046 2851 incede-

136 2883 179 2934 bat
191 2925 196 2943 ‚
207 2885 294 2941 «lore,
309 2898 338 2936 ut
352 2889 470 2935 nurnine
485 2892 573 2954 nepoti
588 2886 766 2938 conciliaretur
782 2882 893 2940 Caesar»,
907 2875 1049 2937 sevitiam,

137 2959 211 3023 quim
223 2961 397 3021 poenitentiam
410 2956 510 3007 maluit.
899 2966 915 3000 ἶ

168 3029 264 3080 XXIV·¹
277 3033 345 3094 Quin
356 3044 381 3080 et
390 3033 506 3079 invectus
516 3033 542 3079 in
553 3032 701 3083 defunctum
710 3067 716 3089 ,
732 3026 840 3094 nprobra
850 3018 977 3087 corpori&
987 3016 1048 3066 ²²⁴¹·

136 3106 249 3154 tiabilem
260 3106 284 3153 in
295 3120 369 3168 euos,
381 3106 507 3155 intensum
517 3107 662 3172 reipublicae
671 3109 804 3155 animumn
816 3099 921 3164 objecit:
933 3094 1047 3143 crocita-

136 3176 206 3243 rique
218 3178 343 3228 lautorum
358 3177 535 3244 dictorumque
547 3180 600 3243 ejus
612 3179 737 3246 descripta
748 3194 792 3253 per
805 3175 880 3224 dies»
892 3169 982 3235 iussit:
995 3182 1046 3230 quo

137 3269 187 3299 non
203 3250 272 3297 aliud
284 3253 394 3301 atrocius
406 3253 502 3300 visum:
517 3252 645 3299 adstitisse
658 3265 696 3301 tot
708 3270 752 3319 per
766 3264 861 3307 annos,
878 3247 920 3310 qui
932 3243 1046 3296 vultum»

137 3322 260 3384 gemitus,
272 3323 400 3370 occultum
412 3326 487 3371 etiam
499 3339 615 3371 murmur
630 3328 776 3391 exciperent
786 3342 794 3387 3
806 3334 832 3369 et
845 3320 957 3387 potuisse
970 3330 1047 3361 avum

138 3391 238 3449 audire,
254 3391 354 3455 legere,
367 3397 393 3445 iu
403 3396 536 3461 publicum
548 3392 679 3461 promere,
692 3399 736 3447 rix
747 3395 825 3457 fides,
838 3394 887 3444 nisi
900 3390 969 3460 quod
982 3387 1049 3438 terti
