2234 3817
353 174 591 241 ntsroarauutt
611 180 679 218 nra.
702 182 746 219 rr.
837 152 841 157 ’
958 173 1007 226 tm

84 250 147 307 situ
155 249 283 302 Batavos:
298 266 325 303 te
342 270 401 307 cum
412 259 525 309 exercitu
535 261 613 326 tergis
627 278 716 311 eorum
732 261 892 317 haesurum».
910 268 943 317 Et
959 285 1007 339 op-

85 325 173 392 primi
183 337 319 391 poterant,
333 330 354 378 si
369 329 429 383 binc
439 333 612 394 Hordeonius,
626 335 685 386 inde
701 328 808 397 Gallus,
822 341 899 390 motis
914 345 1008 393 utrim-

86 414 143 462 que
155 401 252 465 copiis,
263 401 362 453 medios
370 406 529 458 clausissent.
538 409 642 459 Flaccus
651 410 738 460 omisit
748 412 877 478 inceptum
886 451 892 472 ,
902 413 1008 481 aliisque

84 470 186 521 litteris
202 474 306 527 Gallum
324 479 442 547 monuit,
458 499 490 531 ne
512 495 619 534 terreret
637 485 767 535 abeuntes.
785 485 859 536 Unde
877 490 1005 556 suspicio,

86 558 185 612 sponte
193 549 334 617 legatorum
343 557 450 606 excitari
459 555 573 623 heltumg
582 570 722 626 cunctaque
733 578 786 627 qnae
794 562 951 621 acciderant,
961 576 1006 615 aut

54 646 56 650 Α
88 623 274 679 metuebantur
285 665 292 689 ,
305 646 358 682 ncn
367 631 457 685 beret
468 634 575 695 militis,
585 651 666 702 neque
677 635 790 688 hostium
805 638 848 704 vi,
860 637 905 688 sed
915 637 1005 690 trauca

92 694 190 746 ducum
208 703 320 758 evenire.
654 742 656 745 -

125 768 191 821 XX.
201 772 304 837 Batavi,
314 793 393 842 quum
399 768 487 830 castris
496 772 879 849 Bonnensibuspropinquarent
887 820 896 849 ‚
903 783 1005 852 praemi-

90 841 161 906 site,
169 847 216 909 qui
226 849 356 901 Herennio
366 853 441 902 Gallo
452 854 572 905 mandata
582 855 722 906 cohortium
735 866 891 923 exponerent
900 876 908 906 z
917 858 1003 907 «Nul-

89 916 148 965 lum
157 918 207 967 sihi
217 919 438 979 bellurnadversus
446 929 576 993 Romanos
583 964 591 995 ,
599 945 645 995 pro
652 930 743 993 quibus
756 931 848 980 totiens
856 931 1002 982 bellassent·

91 986 182 1055 Longi
203 1004 278 1059 atque
297 995 371 1047 irriti
386 1000 479 1050 mittut
498 1000 584 1061 fessis,
600 1003 686 1068 patriae
698 1012 774 1068 atque
795 1005 842 1053 otii
857 1003 1003 1070 cupidinem

92 1079 156 1114 csse.
168 1065 197 1115 Si
205 1060 435 1134 nemo'obsisteret,
443 1075 578 1125 innoxium
587 1076 634 1125 iter
642 1075 696 1126 lore
706 1096 712 1125 :
721 1079 760 1127 sin
772 1094 841 1128 arma
852 1090 1001 1140 occurrant,

92 1135 160 1189 ferro
173 1141 243 1190 viam
257 1144 437 1200 inuenturos».
458 1140 635 1201 Cunctantem
645 1154 756 1218 legatum
772 1154 865 1205 milites
881 1156 1002 1221 perpule-

92 1225 165 1274 rant,
177 1215 328 1268 «fortunam
341 1224 420 1288 praelii
431 1226 587 1292 experiretm
595 1244 620 1275 u.
632 1228 693 1277 Tria
702 1229 1000 1299 milliadegionariomm,

92 1297 121 1336 ct
129 1291 293 1343 tumultuariae
302 1295 435 1362 Belgarum
445 1299 576 1360 cohortes,
591 1302 667 1350 simul
676 1319 831 1369 paganorum
840 1303 1000 1366 lixarumque

92 1358 196 1425 ignem
209 1364 254 1414 ted
263 1383 357 1434 procax
366 1382 424 1421 ante
433 1375 575 1438 periculum
585 1393 688 1436 manns,
698 1378 817 1440 omnibus
824 1377 905 1443 portis
914 1391 1000 1424 erum-

93 1444 174 1501 punt,
192 1450 221 1488 ut
238 1440 348 1492 Batavos
357 1461 463 1495 numero
478 1448 587 1514 impares
600 1449 810 1500 circumfundant.
830 1451 872 1500 llli
880 1487 889 1510 ,
903 1459 1001 1498 veteres

91 1505 187 1558 militia
196 1547 205 1574 ,
215 1513 241 1562 in
255 1531 350 1567 cuneos
360 1532 559 1586 congregantur,
571 1521 643 1573 densi
653 1524 780 1591 undique,
791 1537 817 1574 et
826 1523 936 1572 frontem
945 1533 999 1572 ter-

89 1597 170 1670 gtqtp
180 1589 285 1640 aelatus
295 1595 353 1644 tuti.
366 1596 408 1645 Sic
416 1607 518 1648 tenuem
528 1611 674 1650 nostrorum
685 1602 763 1650 aciem
774 1600 943 1667 perfringunt.
953 1599 999 1648 Ce-

89 1655 205 1711 dentrhus
218 1663 319 1729 Belgis,
333 1669 509 1738 pelliturlegio
519 1709 526 1731 ,
536 1685 563 1722 et
572 1673 667 1722 vallum
679 1687 814 1740 portasque
823 1673 916 1739 trepidi
927 1684 999 1738 pete·

10 1770 12 1792 ἰ
87 1731 158 1782 hent-
168 1733 208 1785 Ibi
219 1734 361 1803 plurimum
369 1743 460 1794 cladis:
472 1746 605 1797 cumulatae
616 1748 765 1813 corporibus
777 1747 862 1796 lossaex
875 1762 921 1795 nec
930 1745 997 1796 cade

88 1806 185 1858 tantum
195 1821 223 1859 et
232 1810 397 1878 vulneribus,
410 1818 456 1865 sed
470 1819 543 1866 ruini
553 1852 562 1874 ,
574 1831 600 1866 et
608 1822 659 1867 suis
670 1823 783 1883 plerique
799 1822 855 1869 telis
868 1819 996 1870 interiere.

90 1881 223 1946 Victores,
235 1886 335 1935 colobii
351 1888 576 1952 Agrippinensium
594 1889 687 1946 vitati,
704 1893 768 1939 nihil
776 1904 860 1940 cetero
869 1894 894 1940 in
905 1894 996 1943 itinere

91 1949 183 2001 hostile
194 1957 247 2009 ausi
255 1952 408 2016 {bunnense
418 1960 533 2025 prelium
551 1961 721 2027 excusabant:
740 1974 859 2025 tanquam
870 1980 931 2028 pace
948 1979 996 2030 pe·

91 2022 138 2074 illd
147 2061 154 2082 ›
163 2029 292 2093 postqutm
302 2033 441 2098 negabatur
451 2069 457 2090 ,
471 2033 573 2103 sibimet
584 2035 634 2100 ipsi
642 2032 834 2102 consuluissent.

127 2099 197 2151 XXI.
209 2102 306 2172 Civilis,
314 2105 428 2157 adventu
438 2117 616 2174 veteranarum
627 2107 784 2166 cohortium,
793 2108 854 2171 justi
864 2107 913 2171 jam
924 2122 996 2158 exer·

91 2169 155 2221 cittis
166 2173 269 2240 ductor,
282 2180 327 2228 sed
337 2181 437 2230 consilii
448 2181 595 2249 ambiguus,
609 2193 636 2230 et
644 2182 697 2230 vim
707 2181 848 2230 Romanam
859 2191 994 2246 reputans,

90 2258 193 2296 cunctos
202 2249 245 2314 qui
256 2252 372 2317 aderant,
384 2256 411 2304 in
424 2256 498 2305 verba
515 2255 664 2323 Vespasiani
674 2256 752 2322 adigit
764 2273 771 2304 ε
784 2255 911 2320 mittitque
923 2254 995 2319 lega·
1028 2320 1030 2329 Ι

91 2330 132 2368 tos
147 2319 179 2368 ad
193 2321 256 2374 duaa
271 2326 399 2392 legiones,
417 2346 471 2395 quae
488 2330 573 2397 priore
591 2332 644 2380 acie
663 2332 755 2397 pulsae,
770 2331 796 2379 irr
804 2330 900 2381 Vetera
913 2339 994 2379 castra

90 2408 278 2461 concesserant,
290 2414 341 2452 cut
350 2403 418 2454 idem
427 2417 612 2457 sacramentum
620 2407 764 2473 acciperent
772 2424 796 2455 a.
806 2403 932 2455 Redditur
940 2419 995 2453 res-

87 2483 210 2535 pomum,
223 2489 324 2541 (tueque
333 2477 470 2544 proditoris
478 2519 488 2543 ,
497 2497 580 2547 neque
590 2481 701 2531 hostium
712 2498 738 2531 te
750 2482 862 2531 consiliis
872 2480 919 2530 uti.
932 2480 993 2528 Esse

87 2542 135 2592 sibi
147 2546 283 2599 Vitellium
296 2553 451 2619 principem,
464 2571 511 2620 pro
526 2573 577 2619 quo
594 2556 708 2606 lidemet
718 2573 786 2605 arma
803 2570 882 2618 usque
901 2551 933 2601 ad
950 2569 996 2600 sn-

87 2631 205 2680 premutn
216 2619 334 2684 spiritum
344 2638 487 2678 retenturos
501 2646 508 2675 z
522 2630 631 2695 proinde
641 2630 744 2694 perfuga
751 2632 860 2677 Batavus
870 2625 996 2678 arbitrum

87 2703 175 2737 rerum
185 2689 355 2747 Romanorum
364 2717 396 2749 nc
406 2712 504 2765 ageret,
514 2699 557 2749 sed
566 2702 671 2750 meritas
681 2702 783 2748 sceleris
791 2715 879 2765 poenas
888 2715 995 2765 exspec-

10 2792 11 2795 =
87 2763 185 2815 tieret».
199 2769 260 2832 Quae
274 2772 316 2824 ubi
327 2774 405 2832 relata
417 2768 509 2837 Civili,
523 2777 641 2825 incensus
653 2774 707 2836 ira,
724 2777 870 2827 univer-sam
881 2774 996 2825 Batavo·

87 2854 147 2888 rum
166 2854 266 2907 gentem
279 2847 384 2899 inerma
399 2850 475 2917 rapit.
488 2851 633 2917 Junguntur
645 2850 761 2899 Bructeri
770 2849 938 2915 Tencterique
949 2885 958 2911 ‚
969 2861 995 2902 et

87 2915 167 2963 excita
181 2919 277 2968 nuntiis
286 2919 440 2986 Germania,
452 2924 483 2975 ad
494 2925 603 2992 praedam
614 2924 765 2990 famamque.

118 2989 205 3039 XXII.
221 2993 351 3047 Adversus
366 2998 410 3049 has
420 3000 480 3050 belli
489 3001 662 3049 concurrentia
672 3000 762 3058 minas,
771 2999 846 3065 legati
854 2999 995 3065 legionum,
1070 3054 1071 3057 Ἴ

84 3061 223 3119 Mummius
234 3066 382 3136 hupertus,
399 3087 423 3124 ct
439 3075 571 3125 Numisius
582 3074 680 3138 Rubra,
692 3075 788 3134 vallum
799 3090 934 3139 murosque
948 3073 996 3122 tr·

84 3136 188 3186 mebant
198 3157 204 3187 ι
215 3142 338 3209 subversa
347 3146 425 3212 longae
436 3148 504 3215 pacis
513 3166 590 3215 opera
600 3185 607 3209 ,
616 3147 684 3197 haud
695 3149 783 3216 procul
791 3149 880 3197 castris
897 3150 923 3195 lo
934 3161 993 3194 rno-

55 3256 63 3263 ,
86 3209 147 3259 dum
163 3216 296 3281 municipii
311 3232 458 3281 exstructa,
474 3239 506 3272 ne
523 3223 640 3274 hostibus
657 3225 715 3272 usui
730 3224 822 3273 forent.
839 3220 888 3271 Sed
906 3235 995 3285 parum

84 3277 231 3352 provisum,
241 3302 270 3339 ut
279 3294 357 3358 copiae
367 3295 393 3342 in
402 3306 484 3345 castra
493 3296 697 3347 conveherentur
707 3315 714 3345 :
728 3298 782 3363 rapi
798 3294 943 3360 permisere.
954 3293 994 3345 Ita

83 3361 169 3427 paucis
180 3360 271 3413 diebus
282 3382 326 3433 per
337 3368 466 3420 licentiam
474 3371 608 3438 absumpta
621 3382 695 3433 sunt,
708 3389 761 3436 quc
775 3370 895 3420 adversus
905 3382 995 3416 neces·

84 3436 169 3503 sitatcs
186 3435 607 3524 iubarumsuffsctsaercctutts
618 3446 896 3518 modiumsgmencum
903 3443 995 3503 robore
