2234 3817
446 102 634 140 cessissit.
671 83 674 104 ¹
935 106 982 155 271

36 224 39 228 .
73 200 205 243 numero,
217 183 286 235 idem
302 182 437 231 omnibus:
454 196 536 232 truces
550 196 576 232 et
591 182 692 233 coeruiei
708 182 792 241 oculi,
804 183 885 232 rntiiae
898 200 985 246 come,

73 252 172 323 magns
190 273 295 323 corpora
304 292 312 317 ,
330 266 356 302 et
376 253 475 303 tautum
492 256 523 303 ad
543 258 675 322 impeturn'
687 255 768 305 valide
778 275 786 321 5
798 256 898 305 taboris
912 270 986 323 utque

73 348 185 397 operum
198 349 251 379 non
262 329 352 379 eadem
366 331 486 394 patientia
498 349 503 377 ε
516 330 674 394 ,minimeque
686 331 753 378 sitim
769 342 906 393 testumque
917 332 985 379 tols-

71 422 148 466 rsre,
161 403 255 470 frigora
269 415 344 468 atque
354 402 464 452 inedium
474 404 537 451 coelo
549 403 635 452 solove
648 402 827 452 adsueverunt.

105 481 140 528 V.
160 479 256 534 Terre,
278 478 326 527 etsi
343 477 472 540 aliquanto
487 478 570 542 specie
590 476 689 539 differt,
705 477 730 525 in
742 478 888 524 unirersum
901 486 986 526 tsmen

73 565 121 602 eut
131 553 203 600 silvis
222 550 341 611 horrida,
356 561 399 597 aut
409 550 544 615 paludibus
556 550 619 599 fmus
631 568 638 600 ε
651 550 794 609 humidior,
811 549 858 614 quir
872 549 984 608 Gallias,

74 624 213 674 ventosior
220 622 271 689 qni
282 622 408 671 Noricum
418 638 446 669 sc
458 621 613 672 Pannoniam
625 622 747 687 adspicit:
762 622 821 669 satis
830 621 915 680 fersx3
929 619 985 669 srn·

72 698 213 764 gifersrum
223 697 340 744 arborum
349 695 497 760 impatiens:
508 711 628 761 pecorum
639 693 761 755 secunda,
780 694 823 757 sed
833 694 984 758 plerumque

74 773 220 837 improcera
232 785 238 815 ε
250 784 283 817 ne
294 767 415 817 armentis
425 766 528 832 quidem
547 781 607 815 suus
624 767 714 829 bonor,
731 776 773 814 sut
785 767 864 829 gloria
874 765 964 815 frontis
976 781 984 814 t

73 851 186 891 numero
195 839 324 905 gaudent:
337 855 419 902 eaeque
431 841 489 887 solae
500 852 526 887 et
537 840 683 905 gratissime
694 855 755 906 opes
765 850 833 888 tunt.
843 843 982 902 Argentum

73 926 101 963 et
111 929 203 963 aurum
216 912 321 977 propitii
331 950 337 964 ,
350 911 449 958 euirati
460 909 495 957 dii
505 913 664 976 negaverint,
675 911 772 960 dubito.
783 911 835 959 Nec
845 922 928 961 tamen
938 910 984 957 sd-

72 986 246 1041 firmaverim,
264 985 360 1032 nuliam
379 984 520 1032 Germaniae
541 1001 633 1032 venam
650 996 782 1049 argentum
800 1000 921 1031 aurumve
941 986 984 1046 gi-

75 1047 168 1126 gnere:
181 1060 237 1121 quis
247 1059 315 1105 enirn
325 1068 451 1105 scrutatus
465 1054 521 1105 est?
531 1060 689 1122 possessione
703 1070 728 1107 et
741 1074 787 1106 usn
797 1056 865 1104 haud
876 1056 982 1121 perinde

75 1132 228 1183 efficiuntur.
244 1132 290 1180 Est
301 1129 388 1178 videre
399 1128 468 1196 apud
482 1131 539 1178 iilos
555 1144 673 1195 argentes
688 1149 761 1188 vass,
772 1132 862 1194 legatis
872 1141 898 1178 et
908 1130 983 1195 priu-

73 1206 175 1272 cipibus
184 1221 271 1252 eorum
282 1204 379 1251 muneri
393 1203 450 1251 deta
458 1239 465 1262 ,
474 1220 526 1252 non
536 1205 561 1251 in
571 1205 620 1253 alit
629 1206 726 1253 vilitate
736 1242 742 1261 ,
752 1203 828 1268 quim
839 1219 891 1267 quse
903 1202 982 1251 humo

75 1281 208 1344 finguntur
221 1295 227 1325 ι
239 1294 381 1340 quanquam
398 1278 522 1343 proximi,
535 1280 569 1325 ob
578 1294 650 1326 usum
660 1280 881 1340 commerciorum,
894 1291 983 1324 eurum

77 1364 104 1401 et
114 1361 242 1416 argentum
250 1351 280 1397 ,in
291 1352 372 1415 pretIo
384 1350 478 1398 habent
483 1387 490 1409 ,
508 1350 651 1416 formasque
667 1347 788 1416 quasdam
799 1361 889 1398 uostrae
903 1362 983 1414 pecu-

76 1426 126 1478 nire
136 1435 273 1490 sguoscunt
282 1460 288 1478 ,
297 1435 373 1488 atque
386 1425 484 1488 eligunt
494 1443 500 1471 :
514 1426 648 1474 interiores
660 1424 801 1494 simplicius
813 1434 836 1471 et
851 1420 982 1498 antiqrsiris

76 1499 264 1567 permutatione
280 1498 404 1546 mercium
420 1511 538 1548 utuntur.
556 1500 692 1549 Pecuniam
705 1500 816 1565 probant
827 1509 937 1546 veterem
956 1506 982 1543 et

76 1572 123 1621 diu
131 1582 231 1644 notem,
241 1571 367 1625 serratos.
381 1571 540 1637 Bigatosque·
555 1573 693 1639 Argentum
704 1588 804 1638 quoqne
814 1572 894 1634 magis
905 1568 982 1634 quim

70 1662 165 1698 nurum
183 1653 338 1707 sequuntur,
352 1644 420 1691 uuili
433 1643 565 1695 affectione
575 1649 654 1695 animi
663 1683 669 1705 ,
679 1646 723 1695 sed
733 1646 793 1711 quis
809 1659 927 1697 numerus
939 1658 982 1690 Ιῐ·

76 1729 224 1784 genteorum
234 1713 331 1765 facilior
343 1717 399 1764 usui
412 1728 450 1766 est
462 1720 606 1783 promiscua
619 1735 650 1767 sc
659 1718 720 1767 vilis
730 1716 912 1767 mercantibus.

107 1790 132 1836 V
134 1792 155 1838 r.
166 1789 207 1838 Ne
219 1788 314 1838 serrum
327 1788 431 1853 quidem
441 1802 571 1856 superest,
590 1793 655 1839 sieut
663 1808 694 1839 ex
704 1806 796 1855 genere
806 1788 914 1838 telorum
925 1782 982 1834 coi-

76 1862 175 1925 iigitur.
187 1862 248 1910 Ruri
259 1861 368 1928 gladiis,
379 1875 423 1911 sut
438 1861 577 1924 maioribus
587 1865 681 1911 lanceis
690 1873 813 1910 utuntur:
826 1861 924 1916 hastas,
939 1857 981 1907 vel

76 1937 192 2002 ipsorum
201 1938 322 1986 vocabulo
331 1937 459 2008 frameas
471 1952 577 2004 gerunt,
594 1950 700 2004 angusto
713 1950 738 1988 et
751 1938 825 1985 brevi
836 1935 918 1991 ferro,
936 1933 981 2002 ssd
998 1971 1006 1986 ,
1021 1928 1029 1982 .’

74 2009 111 2058 ita
123 2009 175 2058 scri
187 2020 212 2056 et
222 2008 254 2056 sd
265 2027 336 2058 usum
350 2011 443 2074 babili,
456 2025 485 2061 ut
495 2012 587 2063 eodem
598 2014 663 2068 telo,
674 2011 823 2078 prostratio
834 2010 927 2073 poscit,
940 2006 981 2052 rel

75 2080 204 2143 corninus,
215 2085 255 2132 vel
264 2086 363 2134 eminus
373 2099 488 2151 pugnent
498 2106 504 2133 z
515 2099 542 2135 et
550 2103 627 2151 eques
637 2083 741 2150 quidem
752 2097 825 2133 scuto
839 2079 981 2144 frsmeique

74 2165 208 2204 contentus
225 2167 263 2203 est
278 2174 284 2203 :
299 2157 398 2222 pedites
416 2171 441 2206 et
460 2159 564 2207 missilia
577 2171 713 2226 spargunt,
733 2158 805 2224 plura
821 2155 925 2219 singuli,
938 2164 981 2201 ut·

75 2242 125 2292 que
138 2227 163 2275 iu
177 2230 328 2277 immensum
346 2232 447 2280 vibrent
460 2249 466 2278 z
482 2231 546 2280 nudi
564 2245 608 2280 aut
619 2232 705 2297 sagulo
716 2231 785 2278 leves
796 2230 884 2282 :nuile
897 2224 981 2276 cultus

36 2335 39 2343 ,
75 2297 177 2363 jactatio
189 2318 195 2348 r
209 2315 279 2350 scuta
299 2301 398 2351 tentum
413 2305 556 2353 lectissimis
566 2305 696 2353 coloribus
705 2303 863 2369 distinguunt
875 2320 885 2348 ε.
893 2302 981 2369 prucis

76 2374 160 2425 lorice
172 2394 178 2424 :
191 2378 233 2423 vis
248 2378 291 2423 nni
308 2379 413 2426 alterive
424 2382 514 2436 cassis,
526 2393 570 2428 rut
580 2382 660 2446 galea.
674 2380 740 2444 Equi
756 2395 807 2427 non
821 2376 914 2435 forms,
927 2392 978 2423 non

76 2449 208 2499 velocitate
221 2453 370 2516 conspicui:
387 2452 430 2499 s'ed
446 2470 493 2502 uec
509 2457 604 2504 variare
620 2471 695 2521 gyros
709 2456 734 2501 iu
752 2468 848 2502 morem
863 2457 980 2498 nostrum

76 2522 214 2573 docentur:
228 2525 254 2572 in
267 2537 378 2578 rectum.
391 2537 435 2574 eut
445 2544 497 2576 uno
509 2530 575 2577 ssexu
586 2527 688 2577 dextros
699 2538 790 2592 egunt,
801 2527 834 2574 its
844 2523 979 2585 coniuncto

76 2596 150 2658 orbe,
168 2610 196 2644 ut
208 2614 284 2644 nemo
295 2596 420 2662 posterior
429 2602 472 2651 sit.
483 2601 513 2649 In
525 2601 672 2649 universum
680 2597 892 2662 estimanti‚plus
901 2607 979 2658 penes

74 2669 189 2736 peditem
200 2672 299 2719 roboris
309 2693 316 2731 ς
329 2673 409 2737 eisque
421 2673 493 2724 mixti
504 2675 661 2741 preliantur,
678 2671 735 2736 rptd
748 2682 772 2718 st
783 2678 936 2733 congruente
945 2665 978 2714 sd

75 2755 220 2805 equestrem
230 2761 339 2812 pugnam
355 2749 487 2797 velocitate
503 2746 617 2812 peditum
623 2781 633 2805 ‚
649 2761 711 2808 quos
722 2760 749 2792 er
763 2743 836 2792 omni
847 2740 977 2804 juventute

75 2815 186 2865 delectos
204 2831 262 2867 ante
279 2820 358 2867 eciem
372 2821 465 2869 incant.
485 2820 610 2869 Definitur
628 2831 653 2866 et
673 2808 810 2866 numerus:
831 2816 937 2865 centeni
949 2828 978 2861 ex

76 2889 179 2953 singuiis
196 2893 266 2956 pagis
286 2905 360 2941 sunt:
381 2893 456 2957 idque
471 2893 554 2958 ipsum
572 2896 636 2941 inter
646 2908 705 2940 suos
716 2902 853 2941 vocantur:
871 2899 895 2935 et
908 2884 977 2951 quod

73 2963 155 3028 primis
170 2982 290 3014 numerus
302 2966 366 3025 fuit,
383 2969 432 3029 iam
446 2986 540 3017 nomen
552 2980 577 3017 et
588 2968 669 3017 honor
681 2979 728 3016 est.
740 2965 813 3017 Acies
825 2980 868 3031 per
885 2976 978 3010 cuneos
1003 2996 1019 3015 l

73 3039 246 3100 componitur.
255 3039 349 3087 Cedere
360 3043 432 3098 loco,
445 3041 586 3090 dummodo
595 3040 679 3091 rursus
691 3044 784 3098 instes,
793 3040 890 3088 consilii
900 3035 976 3100 quim

75 3106 219 3158 sotmsdin'rs
236 3115 401 3165 arbitrantur.
417 3115 529 3180 Corpora
547 3129 651 3162 suorum
662 3116 739 3163 etism
752 3116 776 3162 in
790 3113 873 3161 dubiis
885 3108 976 3177 preliis

73 3179 193 3230 referunt.
204 3184 306 3237 Scutum
319 3180 463 3254 reliquisse,
476 3188 630 3254 praecipuunr
643 3189 767 3253 flagitium
779 3207 784 3235 ε
796 3204 841 3235 nec
850 3197 894 3233 eut
902 3182 977 3231 sacris

73 3254 172 3315 tde'tse,
186 3270 231 3307 ent
244 3265 382 3313 concilium
399 3264 463 3312 inire
475 3302 480 3317 ,
496 3263 664 3327 ignominioso
676 3262 727 3314 iss:
739 3265 863 3326 multique
875 3273 977 3324 supers-

66 3328 129 3406 tites
138 3329 265 3381 beliorum
274 3370 283 3397 ,
293 3335 424 3387 infamiam
431 3331 527 3403 'laqueo
534 3335 666 3386 finierunt.

750 3405 812 3458 Μ
838 3409 843 3422 ’

594 3472 612 3492 ἱ
