2234 3817
457 89 648 128 enarraris.
959 99 1009 156 ²⁷9

95 170 169 237 quod
185 170 240 238 ipqo
251 163 336 219 adbub
353 181 425 220 terrae
437 188 486 220 sna
502 174 556 222 solo
569 186 594 223 et
603 173 667 221 coelo
682 167 766 223 achias
784 176 937 228 animantur.
949 182 1009 231 Nou

93 247 281 295 numeraverim
300 246 367 292 inter
376 246 516 295 Germaniae
526 248 649 313 populos,
660 264 803 313 quanquam
813 263 881 300 trans
892 251 1007 303 Rhenum

93 319 289 381 Danubiumque
309 316 484 379 consederint,
500 336 543 368 eos
551 356 559 378 ,
572 322 615 383 qui
629 321 780 370 Decumates
791 340 863 391 agros
880 311 1005 376 exercenti

93 390 256 440 Levissimus
273 392 380 455 quisque
392 388 541 448 Gallorum,
559 405 586 440 et
599 392 684 458 inopiis
695 393 792 458 audax,
812 395 893 446 dubie
906 416 1008 463 posses·

94 468 177 517 sionis
194 465 279 514 solum
294 465 459 538 occupavere.
474 466 535 513 Mox
549 466 631 514 limite
647 479 720 525 aeto,
736 467 908 537 promotisque
918 477 1006 539 prasi-

94 538 143 587 diis‘
152 578 157 589 .
167 539 238 587 sinus
248 537 349 603 imperii
361 574 367 593 ,
384 551 410 585 et
420 556 477 604 pars
486 541 622 604 provinciae
634 540 767 590 habentur.
836 579 839 588 ,

131 634 219 684 XXX.
231 634 306 682 Ultra
313 632 360 680 hos
370 634 438 683 Catii
446 635 552 683 initium
557 635 625 684 sedis
632 636 664 685 ab
671 637 797 704 Hercynio
802 638 867 690 saltn
875 638 1004 714 inchoant,

98 722 151 756 non
166 708 199 754 ita
212 705 298 760 effusis
312 722 341 752 ac
353 706 508 770 palustribus
519 708 583 755 loeis
606 720 639 762 ,ut
652 720 743 760 ,cetere
761 712 889 771 civitates,
903 714 929 760 in
943 730 1005 778 quas
1039 759 1043 768 ‚

92 778 235 828 Germania
245 781 369 844 patescit:
382 779 475 829 durant
488 780 613 845 siquidem
629 782 719 844 eolles,
736 785 906 847 paulatimque
919 802 1005 838 rares-

97 864 160 901 cunt
174 872 181 901 :
196 864 222 901 et
234 854 323 902 Cattos
345 870 404 900 suos
420 854 498 904 saltus
512 855 655 918 Hercynius
669 858 829 920 prosequitur
842 859 917 908 simul
930 871 1005 923 atque

88 926 212 993 'deponit
230 927 334 978 Duriora
347 930 416 993 genti
429 946 536 995 corpora
548 966 554 988 ,
566 931 649 979 stricti
660 943 742 988 artus,
751 927 843 980 ”minat
857 932 958 990 vultus,
979 944 1005 988 et

80 1050 83 1054 ,
96 1002 180 1063 major
191 1000 269 1049 animi
282 1003 365 1066 rigor.
378 1001 490 1051 Multum
503 1003 548 1069 (ut
558 1004 624 1051 inter
637 997 792 1068 Germanos)
802 1005 906 1052 rationis
917 1022 945 1052 ac
958 1022 1005 1054 so·

96 1071 177 1136 lertiar
190 1092 196 1122 :
210 1091 356 1140 praeponere
368 1076 476 1137 eleetos,
489 1076 575 1126 audire
585 1080 747 1144 praepositos,
760 1094 832 1126 nosse
841 1077 958 1140 ordines,
969 1080 1005 1126 in·

97 1148 211 1212 telligere
229 1147 385 1203 occasiones,
411 1146 511 1196 differte
530 1151 652 1213 impetus,
668 1148 801 1213 disponere
815 1148 883 1197 diem
889 1185 896 1208 ,
912 1150 1007 1211 vallare,

97 1234 212 1279 noctem,
224 1218 351 1267 fortunam
363 1221 430 1268 inter
444 1221 537 1277 dubia,
550 1222 670 1268 virtutem
690 1225 754 1270 iuter
767 1234 834 1270 certa
852 1238 983 1269 numerare
996 1240 1002 1269 :
1033 1227 1036 1238 ¹
1063 1257 1066 1263 .

99 1294 218 1364 quodque
226 1294 397 1358 rarissimum„
408 1310 453 1342 nec
465 1296 614 1342 uisitatione
627 1294 916 1359 disciplinaeeoncessnm
925 1288 1001 1359 ,plus

99 1383 224 1432 reponere
234 1369 258 1414 in
268 1366 347 1428 duce,
360 1368 434 1431 quim
443 1370 470 1438 in
480 1371 601 1418 eiercitu.
612 1369 694 1417 Omne
702 1370 778 1417 robur
789 1370 815 1416 in
827 1365 1004 1440 pedite,quem

101 1459 177 1506 super
187 1460 254 1490 arrna
264 1478 270 1497 ,
281 1437 439 1491 ferramentis
449 1460 548 1506 quoque
560 1455 586 1491 et
599 1444 678 1508 copiis
688 1453 800 1496 onerant.
814 1445 884 1494 Alios
894 1442 925 1491 ad
937 1459 1002 1508 prae-

98 1516 164 1565 lium
174 1518 209 1564 ire
219 1514 311 1571 rideas,
319 1516 442 1564 Cattosad
452 1516 561 1588 bellum:
572 1518 622 1563 rari
631 1533 760 1578 excursus,
767 1531 791 1566 et
798 1518 899 1567 fortuita
909 1532 1001 1582 pugna.

99 1590 261 1653 Equestrium
272 1590 329 1637 sane
339 1589 430 1648 virium
442 1589 469 1637 id
479 1593 626 1658 proprium,¹
637 1591 686 1648 citii
696 1608 782 1657 parare
794 1593 925 1640 victoriam
935 1627 942 1646 ,
951 1587 1003 1638 cito

100 1662 203 1724 cedere.
220 1664 348 1714 velocitas
359 1662 430 1728 juata
444 1664 608 1716 lormidinem
615 1697 624 1725 ,
633 1666 762 1716 cunctatio
773 1667 874 1732 propior
883 1675 1001 1713 constan-

99 1732 217 1785 tiaeest.v

126 1828 228 1880 nxt.
241 1830 273 1879 Bt
284 1830 339 1878 aliia
358 1827 544 1879 Germanorum
559 1829 665 1893 populis.
674 1840 824 1894 usurpatum
834 1827 890 1877 rari
905 1813 932 1877 et
945 1803 1002 1893 pri·

98 1902 157 1949 rati
175 1903 296 1965 seriusque
313 1902 447 1959 audentii,
461 1900 529 1965 apud
548 1903 636 1951 Cattos
655 1904 682 1950 in
698 1918 847 1951 consensum
866 1903 954 1964 vertit,
974 1913 1005 1950 ut

99 1972 215 2039 primiani
236 1973 413 2038 adolpverint,
422 1977 517 2022 crinem
528 1975 682 2038 barbamque
697 1976 867 2032 summittere,
879 1990 940 2036 nec,
954 1974 1002 2022 nisi

98 2048 173 2096 hoste
185 2065 261 2106 caeso,
272 2065 374 2116 exsuere
387 2050 501 2097 votivum
512 2048 703 2112 obligatumque
715 2041 801 2094 virtuti
812 2048 863 2095 oris
873 2046 999 2093 habitum.

97 2121 178 2187 Super
186 2124 331 2186 sangninem
344 2135 368 2171 et
378 2124 457 2189 spolia
470 2123 584 2170 revelant
596 2119 719 2186 frontem,
728 2136 803 2185 seque
812 2132 888 2168 «tum
899 2118 1007 2175 demum.

100 2195 179 2259 pretia
192 2196 310 2262 nascendi
323 2196 447 2254 retulisse,
458 2195 598 2260 dignosque
605 2195 686 2261 patrii
697 2212 723 2243 ac
734 2187 1002 2261 parentibusu'lerunt.

99 2268 199 2334 ignavis
206 2283 231 2319 et
241 2272 385 2320 imbellibus
396 2282 479 2318 manet
489 2267 599 2335 squalor.
606 2271 769 2333 Fortissimus
778 2269 884 2334 quisque
894 2265 1003 2316 lerreum

54 2363 57 2372 ⁴
97 2342 198 2410 insuper
207 2346 329 2394 annulum
341 2345 553 2412 (ignominiosum
562 2343 588 2393 id
595 2342 681 2410 genti)
694 2345 762 2391 velut
775 2342 903 2390 vinculum
912 2352 1003 2406 gestat,
1036 2335 1039 2339 ⁸

100 2417 182 2482 donee
195 2438 220 2469 se
233 2420 298 2469 caede
312 2421 395 2469 hostis
406 2419 530 2468 absolvat.
543 2420 663 2469 Plurimis
673 2421 803 2468 Castorum
815 2417 855 2464 hic
865 2416 946 2480 placet
956 2415 1004 2464 lra-

99 2491 178 2550 bitus.
188 2494 294 2559 lamque
309 2508 399 2542 canent
413 2495 538 2558 insigues,
553 2505 578 2542 et
588 2493 701 2542 hostibus
713 2492 788 2542 simul
800 2492 900 2553 suisque
913 2505 1004 2546 mons·

99 2569 161 2615 trati
173 2586 179 2615 :
192 2569 308 2616 omnium
325 2584 401 2633 penes
412 2566 459 2615 bos
473 2568 544 2616 initia
564 2584 705 2633 pugnarum
720 2583 725 2612 :
741 2564 794 2616 lirec
807 2566 889 2627 prima
903 2576 1004 2624 semper

98 2640 181 2701 acies,
191 2640 249 2688 visu
261 2640 405 2687 noraNain
418 2656 449 2688 oe
459 2641 484 2686 in
494 2654 555 2704 paee
564 2636 665 2701 quidem
679 2637 750 2683 vultu
762 2635 863 2682 mitiore
873 2647 1003 2680 mansues·

101 2722 173 2759 eunt.
187 2712 257 2760 Nulli
269 2712 367 2766 domus,
379 2724 423 2760 aut
434 2729 500 2776 ager,
510 2721 555 2758 aut
564 2712 646 2773 aliqua
658 2725 717 2756 eura
746 2718 823 2773 prout
835 2704 866 2753 ad
878 2719 1004 2769 quemque

101 2789 207 2849 venere,
218 2788 333 2844 aluntur,
344 2788 445 2853 prodigi
458 2786 547 2844 alieni,
560 2794 749 2848 contemptores
757 2781 810 2838 sul,
822 2779 902 2829 donee
913 2791 1004 2826 exsan-

101 2864 158 2927 guis
169 2873 285 2910 senectus
296 2874 353 2911 tam*
361 2863 428 2910 durae
443 2860 532 2909 virtuti
544 2862 652 2926 impares
659 2857 748 2906 iaciat.

124 2953 247 3004 xxxii.
266 2957 380 3005 Proximi
399 2956 482 3006 Cattis
490 2966 588 3006 eertum
608 2954 659 3017 jam
678 2953 752 3000 alveo
764 2948 898 3006 Rhenum,
913 2946 1005 3011 quique

101 3028 288 3078 terminusesse
302 3030 418 3090 sufficiat,
430 3028 512 3092 Usipii
523 3044 551 3074 ao
566 3024 683 3074 Tencteri
692 3024 789 3074 colum.
799 3019 917 3070 Tencteri
931 3034 1008 3083 super

104 3099 207 3149 solitum
224 3102 352 3152 bellorum
370 3102 461 3159 decus,
481 3103 604 3165 equestris
623 3098 760 3164 disciplinae
779 3107 831 3144 arte
848 3093 1009 3160 praecellunt„

103 3171 158 3222 Nec
173 3176 252 3234 maior
266 3176 334 3243 apud
351 3178 439 3225 Cattos
450 3174 563 3239 peditum
576 3172 730 3235 laus,quim
739 3170 869 3219 Tencteris
876 3167 1003 3230 equitnm.

100 3247 143 3296 sic
160 3246 290 3297 instituere
310 3250 435 3313 majores,
451 3247 547 3312 posteri
567 3246 707 3293 imitantur.
724 3243 759 3292 Hi
773 3243 841 3290 lusus
852 3238 1008 3295 inlantinm,

102 3322 154 3375 trec
170 3325 291 3392 iuvenum
307 3323 437 3398 aemulatio
447 3357 458 3386 ‚
468 3330 630 3389 peraererant
642 3335 733 3392 senes:
749 3320 813 3371 iuter
828 3312 965 3381 familiam„
979 3319 1007 3376 ep
