2234 3817
143 130 194 198 toa
332 136 341 146 ⁷
431 134 735 204 'iacnnnsaacmt
789 142 790 147 ’

143 238 345 308 ουδίωὶῑιιηςᾶη
356 224 573 308 *qncheliicbantiq
590 253 619 297 et·
633 241 746 306 impulsa
758 239 864 308 vestigia
876 245 1060 301 cernebantur,

143 306 233 371 Ilefeit
246 307 277 365 iri
289 307 418 371 seo'alum,
431 305 688 381 datiiqireilrdiclbus‘
694 350 700 371 ,
711 315 862 379 Urgulania,
876 318 974 368 Silvani
985 322 1061 389 aria,

144 393 283 457 pugionem
295 391 382 456 nepoti
391 390 477 438 misit:
490 388 558 453 quod
569 387 677 454 perinde
689 387 828 449 creditum,
843 392 913 453 quasi
929 393 1060 462 principis

142 466 259 521 monitu,
277 465 309 512 ob
327 462 465 511 amicitiam
483 461 602 526 Augustae
620 467 680 510 cum
698 461 847 524 Urgulania.
865 463 946 524 Reus,
959 465 1058 520 frustrl

146 543 243 587 'tentato
256 537 336 602 ferro,
345 552 421 586 venas
431 536 537 602 praebuit
548 534 723 585 exsolvendas.
733 536 794 584 Mox
803 536 973 602 Numantina,
984 544 1059 606 prior

142 604 286 673 luxoiejns,
297 622 412 659 accusata
422 627 434 658 c
444 609 559 673 injecisse
566 609 722 659 carminibus
732 621 757 658 et
768 611 898 660 veneficiis
908 613 1059 669 vecordiam
1068 642 1072 645 ·

144 687 260 743 marito»
272 678 359 733 insons
368 683 504 746 iudicatur.

174 758 275 815 XXIII,
292 757 318 805 Is
327 757 429 806 demum
438 750 521 804 annus
531 757 659 821 populum
671 759 816 807 Romanum
831 757 909 824 longo
919 758 1059 810 adversim

101 888 103 892 ι
144 827 286 881 Numidam
300 831 486 883 Tacfarinatem
499 830 569 877 bello
587 832 705 880 absolvit.
717 833 782 880 Nam
793 831 893 897 priores
910 833 1001 892 duces,
1014 835 1061 883 ubi

146 902 307 968 impetrando
319 904 511 969 triumphalium
526 905 617 970 insigni
629 907 741 954 sulficere
753 921 794 953 res
810 905 868 953 suas
878 904 1040 955 crediderant
1050 942 1059 962 .

146 974 246 1024 bostem
254 977 419 1027 omittebant:
428 977 527 1043 jamque
537 990 587 1026 tres
596 978 711 1027 laureatae
721 979 745 1027 in
755 980 817 1027 urbe
826 991 913 1028 statua
922 1014 928 1035 ,
937 990 963 1026 et
971 978 1057 1036 adhuc

147 1051 265 1114 raptabat
284 1049 394 1101 Africam
410 1050 569 1112 Tacfarinas,
590 1063 678 1101 anctus
697 1051 848 1100 Maurorum
867 1052 977 1111 auxiliis,
994 1053 1064 1116 qui,

148 1120 286 1191 Ptolemae
307 1122 370 1171 lube
386 1125 440 1172 filio
452 1124 556 1187 juventi
568 1125 709 1181 incurioso,
720 1128 828 1174 libertos
838 1126 918 1190 regios
926 1161 932 1180 ,
941 1135 966 1172 et
976 1124 1063 1174 servi·

144 1193 180 1241 lia
196 1195 303 1259 imperia
321 1197 389 1245 bello
405 1208 575 1247 mutaverant.
592 1201 654 1248 Erat
670 1201 708 1248 illi
722 1199 862 1264 pradarttm
881 1209 1012 1262 receptor,
1028 1209 1062 1246 ac

146 1268 229 1317 socius
240 1268 393 1334 populandi,
403 1287 448 1318 rex
457 1271 657 1338 Garamantum
667 1291 718 1322 non
728 1285 757 1322 ut
766 1289 824 1321 cum
834 1273 946 1320 exercitu
955 1270 1063 1318 incede·

146 1354 200 1403 ret,
213 1343 259 1390 sed
271 1345 353 1393 missis
364 1344 464 1400 levibus
474 1344 570 1408 copiis,
581 1361 635 1408 que
646 1363 678 1395 ex
689 1347 828 1410 longinquo
841 1346 866 1392 in
877 1345 959 1407 majus
970 1344 1062 1393 audie·

145 1414 239 1463 bantur
250 1435 255 1463 :
268 1417 371 1482 ipsaque
380 1419 393 1465 b
402 1415 547 1483 provincial,
559 1429 588 1465 ut
600 1418 657 1480 quis
669 1418 774 1466 fortuma
784 1421 871 1481 inops,
881 1419 998 1466 moribus
1009 1430 1064 1467 tur.

140 1487 237 1545 bidus,
250 1491 395 1556 promptius
407 1493 513 1540 ruebant
520 1524 528 1549 ,
542 1491 601 1554 quia
614 1492 710 1553 Caesar,
722 1502 781 1555 post
790 1489 855 1539 resia
870 1493 951 1539 Blaeso
963 1503 1062 1554 gestas,

147 1562 217 1622 quasi
235 1564 311 1612 nullia
325 1565 414 1628 jamin
433 1564 518 1612 Africa
534 1564 664 1623 hostibus,
680 1565 804 1628 reportati
819 1552 915 1612 nobam
932 1564 1062 1629 legionem

147 1630 269 1695 jusserat:
281 1654 328 1686 nec
341 1638 476 1703 proconsul
491 1638 544 1702 ejus
560 1639 619 1685 enni
627 1673 634 1696 ,
650 1637 680 1688 P.
693 1638 838 1694 Dolabella,
851 1639 961 1686 retinere
980 1647 1062 1694 ausus

148 1714 216 1763 crat,
229 1708 293 1768 jussa
302 1712 422 1777 principis
432 1712 512 1776 magis
522 1747 529 1769 ,
542 1710 618 1775 quim
630 1712 726 1761 incerta
737 1712 815 1775 belli,
826 1724 948 1761 metuens.
1055 1714 1059 1720 “

158 1774 161 1781 ’
179 1780 277 1832 XXIV.
296 1783 377 1849 Igitur
389 1785 551 1846 Tacfarinas,
563 1784 681 1851 disperso
691 1793 812 1845 tumore,
827 1802 902 1835 arem
912 1785 1059 1835 Romanam

146 1851 201 1901 aliis
213 1870 312 1921 quoque
323 1858 355 1906 ab
366 1860 513 1909 nationibus
523 1861 644 1920 lacerari,
658 1859 739 1925 edque
749 1859 871 1926 paulatim
881 1855 965 1906 Africa
977 1852 1062 1907 deca-

148 1924 220 1985 deres
231 1942 262 1981 ac
279 1948 353 1999 posse
364 1936 476 2002 reliquos
491 1934 720 1998 circumuenirifli
737 1936 835 1993 cuncti,
846 1931 939 1998 quibus
953 1930 1064 1984 libertas

146 2005 253 2054 servitio
264 2009 362 2073 potior,
378 2011 550 2069 incubuissent
563 2028 594 2075 »3
612 2023 688 2075 auget
704 2013 785 2072 vires,
802 2005 943 2076 positisque
955 2007 1062 2072 castris,

146 2076 314 2138 Thubuscum
323 2080 447 2154 oppidum
458 2084 631 2153 circumsidet.
641 2085 677 2134 At
687 2085 834 2142 Dolabella,
848 2093 980 2132 ccntracto
990 2083 1064 2147 quod

148 2170 202 2208 erat
214 2161 336 2219 militum,
355 2175 450 2211 terrore
464 2161 577 2211 nominis
587 2159 712 2219 Romani,
721 2170 746 2207 et
754 2158 812 2223 quia
821 2155 936 2207 Numidae
945 2154 1066 2221 peditum

149 2231 228 2278 aciem
246 2230 310 2279 ferre
323 2244 468 2297 nequeunt,
480 2235 564 2298 primo
579 2233 619 2281 sul
631 2234 727 2281 incessu
738 2232 816 2278 solrit
825 2229 972 2292 obsidium,
985 2231 1064 2280 loco-

148 2318 255 2365 rumque
270 2317 411 2369 opportuna
423 2307 594 2370 permunivit:
605 2306 681 2354 simul
696 2305 825 2370 principes
837 2303 1043 2355 Musulamotum
1055 2340 1063 2365 ,

150 2377 317 2435 defectionem
329 2395 480 2449 coaptantes,
491 2385 574 2433 securi
585 2383 705 2450 pereutit.
718 2379 782 2428 Dein
790 2413 796 2436 ,
805 2379 866 2441 quia
877 2380 996 2442 pluribus
1011 2378 1065 2433 ad-

73 2494 76 2505 ,
149 2449 251 2503 sermm
266 2454 451 2505 Tacfarinatem
467 2457 672 2523 expeditionibus
687 2453 830 2518 cognitum,
842 2467 894 2498 uon
912 2452 999 2515 gravi,
1012 2463 1064 2501 nec

147 2542 202 2575 uno
214 2527 313 2578 incursu
325 2530 520 2581 consectandum
531 2530 632 2580 bostem
644 2543 748 2593 ragum5
758 2525 843 2574 excito
852 2539 912 2572 cum
923 2523 1064 2589 populari-

148 2600 197 2650 bus
207 2617 264 2666 rege
275 2604 426 2669 Ptolemaeo,
438 2606 545 2670 quatuoi
554 2605 655 2669 agmina
662 2611 732 2668 parat
740 2637 747 2657 ,
756 2615 811 2665 qttae
820 2597 911 2665 legatis
919 2607 964 2650 eut
975 2595 1068 2645 tribu·

149 2674 189 2722 ais
208 2673 264 2724 slata
279 2696 284 2725 :
298 2692 324 2728 et
336 2679 496 2747 praedatorias
508 2695 598 2732 manus
615 2675 708 2726 delecti
718 2674 870 2725 Maurorum
886 2671 994 2723 duxere:
1009 2669 1067 2737 ipse

147 2749 279 2798 consultor
289 2752 375 2804 aderat
385 2755 512 2805 omnibus.
798 2772 801 2777 ’

185 2819 270 2872 XXV.
286 2825 344 2874 ‘Nec
359 2828 442 2877 multd
456 2827 516 2893 pbst
531 2825 662 2886 adfertur,
682 2821 831 2875 «Numidas
845 2818 913 2887 apud
931 2819 1066 2868 castellum

148 2894 316 2955 semirutum,
332 2901 363 2949 ab
383 2902 443 2966 ipsis
462 2901 591 2964 quondam
610 2901 758 2956 incensum,
782 2895 825 2944 cui
837 2910 936 2965 *nomen
956 2892 1064 2956 Auzea,

148 2966 239 3029 positis
253 2973 394 3035 mapalibus
405 2972 567 3022 consedisse:
578 2975 637 3021 fisos
647 2973 720 3030 loco,
733 2971 794 3035 quia
809 2969 886 3017 vastis
896 2961 994 3014 citatim
1009 2965 1067 3013 sal·

147 3038 216 3085 tibus
234 3042 432 3096 claudebatur».
451 3045 520 3095 Tum
538 3046 660 3111 expeditae
678 3044 802 3094 cobortes·
818 3040 926 3105 alaque,
942 3052 1019 3101 quam
1037 3036 1067 3087 in

148 3123 248 3176 partem
258 3115 410 3187 duceqentur
421 3123 526 3184 ignare,
537 3120 588 3167 cito
598 3121 699 3183 agmine
706 3118 853 3184 rapiuntur.
862 3111 991 3175 Simulque
999 3126 1070 3174 caepa

148 3194 192 3230 tus
202 3184 263 3249 dies,
272 3201 297 3238 et
306 3203 430 3239 concentu
439 3193 568 3250 tubarum,
579 3207 607 3238 ac
617 3194 682 3240 truci
694 3193 807 3241 clamore
816 3187 921 3236 aderant
931 3184 1069 3234 semitam·

147 3269 194 3305 uos
203 3256 229 3306 ia
237 3259 358 3310 barbaros
367 3281 372 3310 :
382 3264 523 3330 pi·aepeditia
531 3258 793 3328 Nurnbiarum'equis,
804 3272 848 3308 aut
858 3258 971 3306 diversos
978 3265 1068 3321 pastus

146 3334 346 3391 pererrantibus.
362 3336 401 3383 Ab
419 3339 540 3386 Romanis
557 3335 687 3384 confertus
707 3334 802 3401 pedes,
816 3331 945 3398 dispositae
962 3338 1069 3390 tauma,

147 3411 238 3452 cuncta
252 3403 341 3468 prelio
355 3409 476 3473 provisa:
493 3408 613 3462 hostibus
631 3407 734 3472 centri,
755 3405 873 3457 omnium
891 3401 995 3467 nesciis,
1013 3415 1088 3471 ποι,
