2234 3817
336 132 572 172 xrsuoarsanaa
594 137 657 172 tra.
682 138 736 178 rra.
884 136 887 139 ’
938 125 989 196 589

101 210 219 265 XXVII.
239 210 296 263 lluc
310 212 441 264 inclinarit
457 214 601 275 Antonius,
615 218 743 289 cingique
757 217 861 271 uallum
882 223 1002 272 eorond.

61 289 167 355 jussitt
183 286 267 354 primd
276 286 372 353 sagittis
385 289 500 352 sausque
510 289 610 339 eminus
621 290 766 350 certabant,
777 291 873 357 majore
885 293 988 344 FlavIa·

63 379 170 413 norum
182 361 309 427 pernicie,
322 363 347 409 in
360 377 423 425 quos
434 364 483 412 tela
495 362 603 429 desuper
615 365 774 415 librabuntur
787 379 797 414 t
809 382 871 415 mox
887 368 985 416 uallum
1045 427 1052 433 ,

62 448 211 504 portasque
222 435 364 500 legionibus
374 437 505 496 attribuit,
514 448 543 486 ut
554 436 677 493 discretus
691 440 762 488 labor
776 438 854 489 sortes
864 438 986 505 ignaros-

63 527 121 575 que
134 508 316 574 distingueret,
326 521 402 573 atque
415 511 468 576 ipsi
479 513 641 565 contentione
659 512 759 579 decoris
772 513 983 564 accenderentur.

65 582 195 632 Proxima
206 580 364 630 Bedriacensi
373 584 418 631 rie
429 584 530 632 tertiani
541 585 727 650 septimanique
735 587 880 652 sumpsere5
893 583 983 634 dexte·

62 656 141 706 riora
162 656 222 704 ralli
239 668 328 707 octava
355 673 384 707 ac
401 658 507 723 septima
532 658 691 723 Claudiana3
711 659 933 709 tertiadecimanos
950 657 983 721 ad

65 729 218 778 Brixianam
235 740 336 795 portam
353 731 465 796 impetus
483 733 553 780 tulit.
571 730 680 780 Paulirm
698 732 757 783 inde
779 748 870 791 more,
890 725 983 795 dumi

65 801 195 868 proximis
206 803 272 866 agris
283 802 398 867 ligones,
408 803 542 863 dolabras,
557 814 584 853 et
602 806 644 854 alii
659 803 753 868 falces,
767 806 896 870 scalasque
913 821 981 852 eon-

65 887 174 924 veetant
186 893 192 923 ε
205 887 276 939 tum,
287 877 358 925 elatis
370 893 446 943 super
458 879 540 942 capita
552 879 632 927 scutis
642 915 647 933 ‚
659 876 736 926 densi
749 877 874 926 testudine
889 894 981 927 succe·
1064 898 1065 901 ¹

68 947 147 998 dunt.
156 947 277 997 Romane
291 949 416 1013 utrimque
426 961 507 998 artes:
519 948 631 1014 pondera
646 966 764 1001 saxorum
774 951 905 1001 Vitelliani
916 968 981 1017 pro-

68 1023 199 1087 volvuns3
216 1020 347 1084 disjectam
362 1023 555 1088 fluitantemque
573 1022 726 1093 testudinem
740 1024 835 1073 lanceis
850 1025 981 1087 contisque

67 1106 236 1160 scrutantur5
255 1094 351 1158 donec,
371 1096 452 1145 soluti
470 1112 592 1164 compage
611 1110 759 1161 scutorum,
783 1113 921 1164 exsangues
938 1107 983 1146 aut

66 1170 170 1221 laceros
181 1179 371 1232 prosternerent
384 1205 390 1228 ,
405 1171 486 1222 multi
496 1188 555 1221 cum
567 1184 659 1238 strage.

103 1240 231 1292 XXVIII.
250 1238 389 1293 incesserat
402 1247 544 1306 cunctatio,
555 1247 583 1294 ni
596 1245 673 1295 duces
689 1244 755 1296 iesse
766 1246 853 1306 militi,
869 1256 896 1294 et
912 1245 982 1293 velut

5 1349 6 1352 =
67 1314 157 1366 irritas
171 1314 359 1366 exhortationes
374 1318 510 1381 abnuenti,
523 1320 679 1370 Cremonam
692 1331 889 1369 monstrassent
907 1318 981 1366 Hor·

69 1389 144 1439 mine
160 1389 186 1438 id
200 1390 344 1455 ingenium,
361 1404 391 1441 ut
401 1394 518 1443 Messalla
536 1393 629 1452 tradit,
647 1412 680 1442 an
694 1396 779 1460 potior
797 1407 887 1444 auctor
903 1394 937 1441 sit
947 1394 980 1443 C.
1044 1390 1049 1405 ¹

46 1481 54 1491 ·
71 1463 187 1528 Plinius,
204 1467 250 1529 qui
266 1466 408 1516 Antonium
426 1469 537 1532 incusat,
556 1469 624 1519 baud
636 1469 710 1518 lucili
728 1469 911 1519 discreverim:
930 1469 983 1518 nisi

68 1536 227 1602 quddneque
238 1538 380 1598 Antonius,
390 1557 472 1607 neque
479 1544 592 1592 Hormus
603 1541 632 1600 ‚i
643 1541 817 1605 iamiritique
826 1540 869 1590 sui
878 1577 885 1599 ‚
894 1557 982 1605 quam·
1072 1540 1075 1545 ⁴

4 1639 8 1663 ε
70 1612 111 1663 ria
122 1613 231 1685 pessimo
241 1613 350 1679 ssagitIo,
362 1614 555 1681 degeneravere.
565 1616 624 1664 Non
633 1615 683 1678 jam
694 1618 812 1681 sanguis,
825 1631 907 1678 neque
919 1616 981 1662 rul-

6 1698 8 1740 ζ
67 1699 130 1734 nera
140 1681 320 1747 morabantur,
331 1690 393 1751 quin
401 1690 554 1740 subruerent
564 1690 675 1749 vallum,
686 1700 870 1754 quaterentque
879 1699 980 1755 portas3

5 1785 9 1814 ς
72 1756 158 1807 innixi
168 1750 298 1819 Intueris,
309 1771 335 1811 et
346 1776 421 1828 super
432 1765 547 1814 iteratam
557 1763 714 1813 testudinem
725 1761 889 1821 scandentes,
903 1777 983 1826 pren·

4 1843 9 1865 t
73 1845 158 1882 sarem
168 1831 282 1884 bostium
295 1834 347 1883 tela
359 1831 529 1899 tractasque:
543 1837 635 1899 integri
648 1850 709 1882 cum
722 1836 829 1895 sauciis,
843 1836 981 1883 semineces

5 1971 7 1976 ἱ
72 1920 132 1954 curn
145 1906 329 1970 exspirantibus
338 1906 492 1966 volvuntur,
506 1905 576 1956 rarii
591 1908 752 1973 pereuntium
764 1905 860 1971 sormi,
873 1919 899 1957 et
909 1909 981 1959 omni

5 2025 8 2032 .
72 1977 186 2043 imagine
195 1980 325 2029 mortium.

106 2050 203 2102 XXIX.
220 2052 382 2107 Acerrimum
396 2052 527 2122 septimas,
539 2053 669 2118 tertiaque
680 2051 809 2119 legionum
826 2064 954 2106 certamen
970 2074 978 2104 r
1004 2044 1009 2053 ’

73 2136 101 2176 et
112 2125 163 2175 dur
176 2128 318 2187 Antonius,
329 2143 388 2177 cum
400 2125 504 2176 delectis
514 2127 694 2187 auxiliaribus,
706 2125 799 2177 eodem
817 2127 977 2181 incubuerat.

74 2199 220 2264 obstinatos
232 2203 296 2253 inter
307 2218 334 2252 se
352 2218 432 2268 quum
443 2201 567 2251 sustinere
579 2202 713 2254 Vitelliani
729 2203 882 2269 nequirent,
895 2215 922 2252 et
935 2221 981 2254 su·

72 2274 182 2342 perjecta
194 2276 245 2325 tela
259 2276 388 2327 testudine
402 2276 563 2344 laberentnr5
576 2278 657 2345 ipsam
671 2276 802 2342 postremi
818 2277 935 2327 balistam
952 2279 979 2328 in

77 2350 214 2401 subeuntes
222 2350 373 2418 propullre:
386 2369 441 2419 quse
450 2365 480 2404 ut
489 2351 523 2402 ad
533 2354 643 2419 presens
653 2351 752 2415 disjecit
764 2352 907 2418 obruitque,
916 2366 980 2416 quos

74 2423 209 2490 inciderat3
220 2427 254 2477 ita
259 2427 350 2494 pinnas
360 2444 388 2477 ac
398 2444 497 2477 summa
504 2428 567 2487 valli
572 2426 645 2489 ruini
656 2427 701 2477 tud
710 2428 799 2477 traxit:
808 2428 884 2493 simul
892 2426 979 2492 juncta

75 2499 162 2559 turris,
175 2498 267 2551 ictibus
277 2514 394 2551 saxorum
405 2503 479 2551 cessit
490 2520 496 2550 :
513 2501 563 2568 qui
579 2501 714 2569 septimani
725 2499 787 2549 dnm
797 2500 915 2550 nituntur
926 2517 975 2549 cu-

73 2576 127 2622 neis
137 2609 144 2630 ‚
156 2577 280 2624 tertianus
297 2576 427 2626 securibus
444 2576 585 2643 gladiisque
601 2589 702 2642 portam
717 2574 845 2642 perfregit.
863 2575 978 2623 Primum

74 2646 235 2711 irrupisset).
247 2647 381 2700 Volusium
390 2688 397 2714 ,
407 2653 486 2701 tertie
495 2650 604 2715 legionis
615 2650 739 2711 militem,
752 2650 817 2696 iuter
826 2662 913 2695 omnes
922 2663 980 2694 auc·

72 2728 143 2767 tores
154 2731 269 2769 constat:
282 2720 337 2771 isin
349 2723 444 2773 vallum
457 2736 574 2788 egressus
585 2724 593 2780 ζ
604 2719 745 2769 deturbatis
759 2719 803 2781 qni
819 2717 979 2774 restiterant,

74 2795 306 2863 oonspIcunsmanu
314 2813 343 2848 ac
352 2813 428 2857 voce,
438 2808 524 2868 capta
534 2805 630 2850 castra
639 2793 819 2844 conclamavit:
828 2792 920 2850 ceteri,
927 2802 981 2840 trc-

72 2865 141 2933 pidis
150 2868 203 2933 ja'm
216 2870 375 2931 Vitellianis,
392 2887 469 2938 seque
484 2870 577 2920 erallo
587 2866 816 2936 precipitantibus,
826 2866 979 2931 perruperes

70 2942 211 3008 completur
220 2943 287 2993 cede
297 2957 422 3010 quantum
434 2946 499 2994 inter
510 2954 591 2992 castra
606 2957 746 3005 murosque
760 2940 834 2989 racui
849 2939 907 2988 luit.

101 3015 191 3065 XXX.
211 3015 247 3067 At
262 3034 350 3068 rursus
366 3035 434 3069 nora
451 3019 569 3068 laborum
580 3015 674 3077 lacios,
688 3015 768 3064 ardna
782 3015 852 3063 urbis
868 3015 980 3074 muenia,

73 3108 151 3141 saxee
163 3088 360 3154 sustentemur
372 3105 506 3158 portarum
520 3093 622 3148 obices,
639 3091 741 3139 vibrans
755 3090 804 3138 tela
821 3090 908 3148 miles,
927 3088 981 3137 Ire-¹

74 3179 169 3231 went,
180 3164 371 3234 obstrictusque
385 3166 529 3217 Vitellianis
544 3166 659 3232 partibus
671 3165 846 3214 Cremonensis
855 3163 982 3228 populus,

72 3253 162 3304 magna
171 3238 326 3306 parsitalise,
336 3253 404 3293 stato
412 3243 438 3291 in
448 3241 552 3291 eosdem
560 3240 613 3288 dies
621 3251 732 3288 mercatu
742 3248 904 3303 congregata:
912 3233 982 3299 quod

75 3309 251 3365 defensoribus
263 3318 389 3369 auxilium
403 3318 437 3367 ob
446 3314 658 3372 multitudinem,
669 3310 874 3378 oppugnantibus
888 3309 983 3355 incita·

73 3396 188 3439 mentnm
205 3390 238 3438 ob
251 3392 363 3459 predam
377 3404 440 3446 erat.
455 3391 545 3460 uRap'r
557 3390 652 3457 igneas
667 3383 796 3511 Antonislq
804 3379 982 3509 ,aetatemque
