2234 3817
352 120 528 164 stultum
551 125 614 165 stit.
640 126 683 170 Ν.
927 144 975 186 tn

62 212 199 283 aggeribus
206 219 233 261 et
240 205 380 275 pontibus,
389 209 543 268 traducendo
553 213 662 276 graviori
669 215 764 281 agmini
772 255 778 277 ‚
787 218 871 272 firmat
882 240 889 273 t
899 236 973 292 ,tque
999 278 1002 283 Ι
1057 212 1064 217 .

64 290 168 340 interim
178 283 287 351 repertis
298 278 382 345 vadis,
394 284 459 332 alam
470 286 644 336 Caniuefatem
653 325 659 344 ‚
669 301 695 337 et
704 291 773 355 quod
782 293 898 358 peditum
908 302 975 349 Gor,

62 368 202 412 manorum
215 364 280 407 inter
293 366 395 404 nostros
406 359 533 415 merebat,
548 361 716 428 circumgredi
728 375 797 430 terga
812 368 923 421 bostium
935 376 977 436 iu-

63 438 109 486 bet
120 456 127 488 :
139 438 186 502 qui
197 435 247 499 ium
261 432 316 480 acie
328 433 465 495 compositi
479 449 510 497 pe
533 446 579 483 unt
592 447 686 485 turmas
700 441 819 502 sociales,
830 446 976 514 equitesque

62 511 198 576 legionum
210 504 325 557 subsidio
338 504 438 553 missos.
455 504 496 554 Tu
536 517 588 557 tres
603 509 671 559 letes
684 511 819 573 cohortes,
834 533 863 566 ac
875 537 976 573 rursum

65 584 142 646 duae3
156 582 215 631 dein
229 592 344 644 tempore
356 575 505 640 interiecto,
520 579 613 629 alarius
624 597 700 646 eques
711 585 843 638 immicus:
858 596 918 643 satis
931 614 977 645 va-

65 657 132 716 lidi,
151 657 173 703 si
190 653 266 703 simul
276 650 469 700 incubuissent:
480 667 523 716 per
533 652 695 703 intervallum
705 657 882 723 adventantes,
891 684 976 733 neque

68 729 240 779 constantium
254 718 404 774 addiderant
418 725 542 781 turbatis,
560 739 586 774 et
600 743 695 792 pavore
711 727 862 797 fugientium
876 729 975 789 ausere-

66 803 174 852 bantur.
185 799 293 864 Cethego
302 797 429 853 Labeoni,
438 797 521 860 legato
530 798 624 860 quintae
632 798 757 863 legionis,
770 807 839 868 quod
850 810 976 875 reliquum
1054 801 1060 805 .

67 873 243 935 auxiliorum,
253 870 343 920 tradit:
354 882 428 933 atque
444 870 502 926 ille,
513 869 704 939 dubiqsuorum
713 891 756 931 re,
768 877 795 924 in
805 896 895 946 anceps
909 896 978 933 trae.-

68 960 127 1006 tus,
140 947 224 995 missis
231 944 341 1006 nuntiis,
351 943 402 990 vim
412 942 544 1006 legionum
552 943 718 1007 implorabat:
730 963 896 1017 prorumpunt
905 959 979 1020 quiu-

68 1021 121 1070 tani
131 1007 192 1069 ante
200 1019 281 1076 alios,
292 1028 318 1065 et
328 1017 380 1064 acri
389 1013 470 1081 pugni
481 1014 553 1064 hoste
566 1017 653 1081 pulso,
665 1019 790 1084 recipiunt
796 1024 906 1077 cohortis
914 1031 983 1079 alas.

68 1110 131 1158 que,
146 1091 225 1142 lessus
238 1089 397 1138 vulneribus.
413 1090 501 1152 Neque
513 1088 566 1138 dux
575 1093 705 1141 Romanus
717 1094 798 1143 ultum
810 1097 856 1155 iit,
865 1114 979 1152 autcor.

69 1182 130 1232 pora
138 1167 270 1228 humavit5
282 1179 425 1228 quanquam
434 1163 510 1212 multi
520 1162 679 1212 tribunorum
691 1167 933 1238 praefectorumque,
950 1190 977 1227 et

69 1243 180 1305 insignes
196 1241 355 1287 centuriones
371 1237 533 1307 cecidissent.
549 1239 611 1286 Mox
627 1253 785 1305 compertum
797 1242 812 1291 it
826 1250 979 1315 transfugis,

70 1323 214 1377 nongentos
223 1313 396 1359 Romanorum
406 1310 475 1375 apud
487 1311 585 1371 lucum,
595 1328 671 1377 quem
682 1312 862 1369 Baduhennoe
871 1337 976 1383 vocant,

71 1385 157 1454 pugni
164 1386 190 1432 in
197 1395 323 1450 posterum
328 1383 452 1440 extracti,
462 1383 591 1433 confectos
599 1402 605 1432 :
613 1397 639 1433 et
649 1386 725 1433 aliam
732 1388 976 1455 quadringentorum

68 1475 193 1518 manum,
204 1457 323 1523 occupati
337 1457 492 1524 Cruptoricis
504 1458 635 1522 quondam
649 1460 807 1526 stipendiarii
816 1467 889 1527 uilla,
901 1482 975 1534 post.

69 1550 145 1599 quam
155 1530 269 1597 proditio
276 1531 434 1580 metuebatur
444 1567 451 1586 ,
461 1531 556 1583 mutuis
563 1532 656 1580 ictibus
667 1535 840 1597 procubuisse.

105 1602 232 1653 LXXIV.
253 1604 353 1652 Clarum
365 1601 425 1653 inde
439 1604 504 1652 inter
516 1605 658 1655 Germanos
669 1608 778 1658 Frisium
794 1629 905 1662 nomen:
921 1614 974 1664 dit-

70 1677 205 1729 timulante
219 1675 321 1726 Tiberio
333 1674 425 1727 damna
436 1693 484 1737 ,ne
493 1682 535 1727 cui
545 1678 643 1729 bellum
653 1683 818 1746 permitteret.
830 1687 918 1752 Neque
930 1704 974 1736 se.

65 1761 139 1806 natus
157 1752 183 1800 iu
201 1766 233 1799 eo
249 1766 322 1814 cura,
342 1766 375 1799 tu
391 1751 491 1817 imperii
508 1764 618 1802 extrema
634 1753 874 1808 debonestsrrentur:
894 1778 973 1826 paror

68 1823 177 1875 internus
190 1834 360 1892 occupaverat
376 1825 490 1886 animos,
502 1827 544 1874 cui
559 1825 701 1876 remedium
715 1828 860 1880 adulatione
873 1850 974 1897 quare-

68 1895 149 1947 batnr.
161 1899 201 1947 Ita
211 1915 357 1964 quanquam
369 1897 474 1949 diversis
485 1915 560 1965 super
573 1901 649 1950 rebus
656 1902 864 1963 considerentur,
883 1922 972 1957 aarum

67 1973 234 2049 Clementirq,
245 1989 316 2030 arum
325 1973 466 2034 Amicitia,
478 1973 621 2039 effigiesque
631 1976 728 2024 circum
741 1977 882 2025 Caesarisse
892 1979 973 2041 Seiani

66 2045 213 2097 censuere»
224 2064 231 2094 ε
241 2047 382 2112 crebrisque
391 2048 509 2114 precibus
519 2047 697 2111 efflagitabant,
705 2049 809 2100 visendi·
816 2052 861 2099 sui
868 2054 974 2115 copiam

60 2120 203 2190 facerent.
213 2119 272 2168 Non
283 2119 319 2166 illi
331 2121 449 2169 tamenin
462 2120 550 2168 urbem
562 2154 569 2179 ,
583 2130 626 2167 aut
637 2119 780 2185 propinqua
794 2120 850 2168 urbi
864 2120 974 2187 degressi

66 2205 145 2244 tunt:
162 2195 224 2245 satis
238 2194 333 2256 virum,
351 2194 468 2243 omittere
480 2190 604 2253 insulam,
620 2202 647 2240 et
657 2192 684 2241 in
699 2195 815 2259 proximo
829 2194 971 2261 Campartie

62 2267 180 2333 adspicit
197 2265 227 2314 eb
238 2268 322 2316 venire
331 2278 432 2334 patres,
444 2282 534 2331 eques,
547 2282 637 2332 magna
649 2282 707 2332 pars
718 2266 801 2332 plebis
812 2302 821 2326 ,
831 2268 900 2317 anxii
913 2287 970 2338 erga

65 2339 199 2402 sejanum,
210 2338 282 2404 cujus
291 2339 378 2392 durior
389 2354 553 2405 congressus,
563 2338 676 2404 atqueed
688 2355 733 2406 per
740 2340 878 2407 ambitum,
889 2355 915 2392 et
926 2362 971 2394 so·

64 2413 151 2461 cietute
161 2412 323 2464 consiliorum
330 2413 475 2481 parabatur.
485 2412 548 2463 Satis
563 2412 693 2462 constabat
700 2426 800 2463 auctam
809 2413 832 2462 ei
842 2414 970 2480 adrogau-

65 2485 125 2538 tiam
135 2520 143 2544 ,
161 2486 257 2536 foedum
273 2487 341 2535 illud
359 2489 385 2537 iu
400 2486 537 2552 propatulo
555 2486 686 2536 servitium
706 2487 832 2551 spectanti
850 2503 856 2533 :
875 2490 969 2552 quippe

64 2556 149 2605 Romae
158 2561 226 2606 sueti
235 2557 364 2607 discursus
372 2579 379 2622 3
387 2570 413 2607 et
424 2557 597 2624 magnitudine
607 2557 676 2606 urhis
684 2558 817 2619 incertum,
827 2555 897 2619 qued
905 2560 971 2620 quis-

64 2647 113 2697 que
128 2631 163 2678 acl
177 2631 308 2694 negotium
322 2645 408 2699 pergat
418 2651 425 2679 ε
435 2633 471 2683 ibi
490 2648 580 2698 campo
594 2641 638 2679 aut
655 2631 740 2678 littore
749 2629 883 2693 uincentes,
899 2630 970 2679 nullo
979 2680 999 2694 Ι,

63 2700 226 2756 discrimine,
242 2715 339 2751 noctem
347 2721 375 2753 ac
385 2704 452 2753 diem
462 2740 469 2762 ,
480 2702 549 2766 justit
562 2703 669 2766 gratiam
685 2698 729 2748 aut
741 2699 819 2749 lattus
834 2699 970 2763 janitorum

61 2771 289 2843 perpetiebanturt
302 2774 379 2827 donec
390 2777 466 2842 idque
477 2776 585 2824 vetitum
595 2811 602 2832 ,
614 2784 641 2822 et
652 2772 770 2823 revenere
782 2773 808 2822 in
820 2773 908 2825 urbem
920 2787 974 2824 tre·

60 2844 118 2912 pidi
128 2880 136 2901 ,
145 2861 209 2910 quos
219 2863 270 2894 non
282 2863 396 2899 sermone
406 2888 413 2914 ‚
430 2868 483 2899 non
493 2848 550 2895 visu
564 2846 682 2912 diguatus
699 2856 768 2898 etat:
786 2844 889 2910 quidam
904 2848 970 2903 mele

62 2920 174 2985 alacres,
185 2920 277 2988 quibus
285 2920 399 2975 infauste
412 2924 524 2975 amicitie
536 2921 618 2987 gravis
628 2921 709 2972 exitus
721 2920 878 2972 imminebat.

94 2991 202 3043 LXXV.
224 2994 344 3044 Ceterum
365 2999 482 3047 Tiberius
499 3003 601 3059 neptem
616 2994 798 3060 Agrippinam,
819 2992 971 3044 Germanico

63 3078 161 3125 urtam,
174 3087 254 3134 quum
265 3070 353 3120 corium
371 3075 420 3123 Cn.
433 3071 545 3120 Domitio
559 3069 718 3128 tradidisset,
736 3071 761 3119 in
774 3071 835 3119 urbe
848 3072 970 3121 celebrari

44 3154 48 3169 “
58 3140 163 3204 nuptias
170 3140 254 3204 jussit.
266 3142 296 3193 Iu
306 3145 433 3206 Domitio,
445 3157 518 3208 super
527 3138 679 3192 vetustatem
686 3143 790 3206 generis,
798 3143 968 3208 propinquum

58 3209 198 3267 Cesaribus
210 3214 369 3280 sanguinem
375 3214 517 3277 delegerat:
529 3229 589 3261 nam
600 3211 621 3261 is
633 3212 716 3263 triam
730 3213 877 3271 Octaviam,
886 3223 912 3259 et
922 3227 967 3278 pes·

52 3299 113 3335 eam
124 3286 270 3354 Augustum
281 3290 438 3345 auunculum
449 3285 605 3356 preferebat,
1048 3280 1056 3295 ’
