2234 3817
332 191 567 237 xrsrorttssrrr
591 200 657 235 nra.
682 172 724 240 rr.
934 198 983 267 439

91 265 278 334 LXILLegio
291 269 461 321 teru'adecims
470 291 529 323 cum
542 278 645 328 auxiliis
657 280 735 330 simul
746 280 851 343 deditis,
868 285 882 335 a
898 290 984 339 rttnve-
1025 300 1029 301 ’

55 340 143 390 sicin
156 332 284 392 coloniam
294 343 464 395 Treverorum
473 351 612 414 transgredi
622 352 736 416 iubetur,
747 359 868 422 praefiniti
879 361 933 421 dic,
942 365 984 412 in-

58 426 106 464 tra
127 430 211 479 quam
227 419 315 469 castris
333 420 476 472 excederet.
492 423 607 476 Medium
626 446 702 478 omne
716 444 830 497 tempus,
842 451 887 500 per
900 439 981 490 varias

58 502 142 569 curas
151 489 241 556 agise:
251 491 427 557 ignarissimus
434 497 676 563 quisque,casorum
687 505 850 570 apudVetera
855 513 972 578 exemplo
973 547 985 572 ,

60 574 216 629 paventes3
229 568 331 616 meliors
340 584 414 634 pars,
425 572 519 621 rubore
528 587 554 623 et
563 576 678 639 infamia,
687 581 778 645 «quale
789 580 852 630 illud
861 583 921 648 iter,
929 586 985 649 quis

49 636 129 698 ,dux
144 635 216 687 riae?
234 650 260 701 et
277 642 361 690 omnia
379 643 405 691 in
423 646 527 696 arbitrio
540 666 643 714 eorum,
655 648 720 717 quo‘s
737 653 794 701 ritae
805 655 923 721 necisque
936 657 987 707 do·

18 726 23 739 ¹
54 711 158 765 minos
171 710 320 765 fecissentu.
332 716 400 780 Alii,
411 718 481 767 notis
493 719 625 775 dedecoris
638 726 698 774 curi
709 762 717 787 ,
728 729 862 793 pecuniam
877 742 921 778 aut
938 747 984 787 ca·

59 785 175 835 tissima
185 786 338 857 sibimetipsi
350 790 643 858 circumdare..Qnidam
652 800 770 869 expedire
782 819 865 862 arma,
878 803 985 868 telisque

62 870 199 923 tanquam
213 863 239 911 in
252 865 333 933 aciem
349 867 456 933 accingi.
473 869 534 918 Haec
545 874 740 936 meditantibus,
753 876 855 926 advenit
868 879 985 942 proficis-

63 933 147 982 cendi
159 933 224 984 hora
234 971 241 996 ,
250 943 438 1004 exspectatione
447 943 551 993 tristior.
567 948 670 1015 Quippe
680 949 747 999 intra
757 950 853 998 vallum
862 950 986 1001 deformi-

65 1018 110 1056 tas
122 1006 197 1058 baud
209 1010 315 1083 perinde
325 1016 445 1085 notabilis
459 1017 573 1069 :detexit
581 1023 745 1088 ignominiam
759 1038 875 1090 campus,
886 1035 913 1073 et
922 1024 984 1077 dies.

65 1077 191 1131 Revulsae
214 1084 400 1150 imperatorum
422 1089 556 1155 imagines,
578 1092 704 1145 inhonora
722 1099 810 1162 signa,
828 1094 984 1162 fulgentibus
1037 1139 1040 1143 .

66 1152 134 1204 binc
146 1155 207 1205 Inde
220 1157 352 1209 Gallorum
365 1163 466 1220 vexiliis
478 1183 483 1212 :
497 1165 573 1214 silens
585 1185 675 1233 agmen
687 1206 693 1227 ,
703 1182 731 1219 et
740 1171 810 1219 velut
818 1171 898 1235 longe
909 1186 986 1219 exsc-

69 1228 149 1290 quiae.
167 1228 226 1278 Dux
240 1231 363 1282 Claudius
380 1228 502 1295 Sanctus,
517 1237 607 1288 effosso
621 1243 712 1300 oculo,
729 1236 800 1292 dirus
813 1258 857 1291 ore
868 1280 874 1300 ,
884 1244 985 1308 ingenio

17 1324 22 1337 v
70 1299 193 1353 debilior.
212 1298 363 1371 Duplicatur
376 1309 515 1373 flagitium,
528 1320 678 1379 postquam,
692 1315 796 1365 desertis
810 1315 985 1366 Bonnensibus

72 1379 165 1424 castris
175 1378 271 1438 ,altera
283 1395 312 1430 se
322 1381 388 1446 legio
401 1384 543 1435 miscuerat.
561 1387 593 1436 Et
603 1391 706 1456 vulgati
717 1403 847 1456 captarum
856 1390 987 1454 legionum

71 1446 157 1510 lami,
177 1453 276 1516 cuncti,
294 1455 339 1516 qui
356 1452 432 1518 panib
454 1457 512 1504 ante
529 1460 704 1512 Romanorum
719 1480 814 1511 nomeu
829 1462 986 1520 horrebant,

72 1537 253 1589 promittentes
264 1542 294 1576 ex
308 1529 375 1592 agris
393 1531 529 1594 tectisque,
539 1545 565 1582 et
573 1536 684 1602 undique
697 1536 767 1586 effusi
775 1538 897 1594 ,insolito
907 1552 983 1601 spec-

73 1596 160 1645 taculo
175 1598 288 1649 nimium
303 1598 460 1651 fruebantur.
474 1603 532 1653 Non
546 1609 607 1656 tulit
617 1611 656 1658 ala
669 1610 800 1660 Picentina
815 1608 936 1673 gaudium
944 1610 985 1658 io·
1018 1632 1020 1636 ’

72 1670 188 1721 ruitantia
199 1671 286 1735 vulgi,
300 1673 441 1737 spretisque
456 1676 541 1724 Sancti
556 1683 701 1743 promissis,
719 1694 764 1731 aut
774 1681 863 1736 minis.
875 1680 984 1745 Mtgon·

74 1743 172 1792 tIacum
181 1745 293 1793 abeunt:
305 1761 334 1792 ac
345 1743 407 1792 sorte
419 1746 495 1795 obvio
505 1749 666 1802 interfectore
672 1756 777 1804 Voculae
783 1753 911 1818 Longino,
920 1769 986 1803 cou-

18 1866 21 1885 ἶ
74 1815 150 1879 jectis
161 1819 186 1866 in
197 1834 257 1867 eum
269 1818 326 1866 telis
339 1817 442 1868 initium
455 1824 615 1871 exsolvenda*
625 1826 651 1872 in
659 1838 790 1889 posterum
800 1829 884 1891 culpa·
893 1825 984 1887 fecere.

75 1888 968 1959 Legionesuilnssmutatoitinere,autemoeniaTrererorumconsidunt.

110 1960 207 2014 thtt.
220 1965 304 2014 Civilis
316 1980 342 2014 et
353 1958 496 2028 Classicus,
514 1967 590 2017 rebus
606 1970 722 2021 secundis
738 1972 845 2030 sublati,
858 1988 890 2019 an
910 1973 989 2022 colo·

73 2034 145 2085 niam
163 2033 369 2104 Agrippinensem
385 2039 555 2105 diripiendam
566 2044 720 2093 exercitibus
733 2045 785 2092 tuis
796 2046 987 2109 permitterent,

75 2110 232 2161 dubitavisse.
244 2115 344 2163 Sevitii
357 2115 464 2178 ingenii,
478 2126 503 2164 et
511 2117 630 2181 cupidine
641 2118 744 2184 prada,
759 2115 792 2166 ati
804 2118 934 2167 excidium
944 2121 984 2173 cif-

79 2186 162 2233 ritatis
176 2185 337 2237 trahebantur
350 2206 356 2235 ι
369 2188 486 2238 obstabat
493 2192 558 2239 ratio
569 2192 631 2240 belli
641 2232 650 2255 ,
662 2204 688 2242 et
696 2208 793 2242 norum
803 2193 939 2258 imperium
947 2193 988 2242 in·

79 2258 226 2308 choaotihus
238 2263 307 2310 utilis
318 2262 458 2329 clementiae
467 2263 543 2313 lama.
553 2267 661 2316 Civilem
673 2268 750 2316 etiam
758 2264 875 2314 beneficii
885 2282 986 2314 memo·

80 2332 118 2381 ris
129 2332 211 2392 flexit,
224 2333 292 2397 quod
302 2336 383 2384 filium
393 2336 446 2399 eins
452 2337 550 2402 ,primo
557 2355 642 2389 rerum
652 2352 724 2390 mutu
733 2379 739 2399 ,
747 2342 773 2389 in
783 2338 986 2404 colonidAgrip-
1009 2384 1011 2386 ,

78 2404 174 2471 pinensi
186 2403 387 2470 deprehensum,
398 2407 524 2458 honorati
534 2411 717 2462 custodierant.
729 2411 779 2461 Sed
788 2408 984 2460 Thrautrhena-

77 2476 248 2542 cingentibus
266 2481 347 2528 inrisa
369 2482 472 2539 civitas,
493 2484 623 2550 opulentia
642 2499 777 2552 auctoque.
796 2484 887 2548 Neque
906 2484 985 2532 alium

77 2551 154 2600 finem
164 2551 224 2600 belii
240 2553 375 2609 rebantur,
388 2555 464 2619 quim
477 2559 496 2605 si
510 2561 654 2624 promiscua
662 2578 690 2610 ea
701 2560 772 2609 sedes
786 2558 903 2607 omnibus
915 2558 986 2608 Ger-

70 2625 160 2687 ,mauis
169 2624 234 2689 foret
244 2664 250 2685 ,
260 2639 304 2676 aut
313 2627 430 2692 disjecta,
444 2629 523 2678 Ubios
532 2649 632 2694 quoque
644 2634 813 2697 dispersisset.

113 2696 205 2747 LXIV.
224 2698 305 2765 Igitur
315 2696 436 2748 Tencteri
448 2738 452 2755 ,
471 2702 562 2750 Rheno
579 2704 685 2752 discreta
696 2721 768 2768 gens,
782 2702 865 2750 missis
877 2701 986 2764 legatis,

82 2768 198 2818 mandata
213 2773 280 2838 apud
292 2774 428 2822 concilium
440 2775 662 2841 Agrippinensium
678 2777 720 2825 edi
739 2776 826 2838 iubent
836 2791 843 2839 3
854 2789 907 2837 quae
917 2772 986 2821 fero-

77 2840 190 2892 cissimus
204 2844 218 2894 'e
231 2847 321 2912 legatis
333 2849 359 2896 in
369 2847 438 2896 hunc
448 2848 553 2897 modum
564 2852 686 2916 protulit:
698 2847 824 2899 «Redisse
837 2862 881 2894 vos
891 2847 915 2894 io
925 2860 994 2893 cor-¹

77 2929 127 2980 pus
138 2933 283 2983 nomenque
296 2922 451 2985 Germania,
464 2923 643 2972 communibus
656 2923 726 2985 deis,
742 2934 768 2971 ct
777 2921 904 2987 precipuo
921 2917 985 2977 ‘100‘

81 3004 135 3036 rum
151 2988 230 3040 Marti
242 3001 325 3057 grates
337 2997 433 3059 agimus
450 3013 457 3045 ι
475 2996 597 3060 vobisque
613 2997 787 3062 gratulamur,
800 2991 869 3056 qubd
883 2990 985 3040 tandem

76 3060 151 3109 liberi
166 3064 231 3115 inter
239 3067 334 3118 liberos
344 3069 425 3121 eritis.
438 3069 503 3118 Nam
516 3069 548 3117 ad
558 3071 625 3119 bunc
635 3070 718 3130 diem,
734 3066 840 3118 flumina
849 3081 878 3114 ac
890 3076 968 3113 terras
981 3096 989 3118 ,

80 3145 106 3182 et
117 3136 206 3189 coelum
217 3140 407 3203 quodammodo
418 3142 517 3208 ipsum,
530 3143 673 3192 clauserant
685 3141 810 3193 Romani:
822 3150 850 3187 ut
860 3135 987 3202 colloquia

28 3198 37 3205 „
77 3225 277 3277 congressusque
293 3227 394 3264 nostros
411 3228 542 3283 arcer·ent;
558 3219 613 3276 vel,
631 3217 700 3280 quod
720 3211 926 3265 contumeliosius
947 3219 986 3267 est

44 3330 66 3343 χ
78 3282 142 3333 ritis
155 3284 186 3332 ad
200 3303 270 3336 erma
281 3290 364 3347 natis,
377 3291 487 3345 inermes
502 3306 531 3338 ac
543 3290 622 3357 propi
632 3291 709 3351 nudi,
720 3290 766 3338 sub
776 3282 881 3335 custode
891 3294 986 3346 etpre-

78 3354 115 3402 tio
124 3357 261 3409 coiremus.
273 3362 324 3411 bed
335 3376 364 3413 ut
372 3364 483 3414 amicitia
493 3366 651 3429 societasque
661 3377 748 3414 nostra
759 3363 786 3411 iu
799 3369 921 3407 aternum
932 3364 986 3402 rm

80 3427 111 3479 sit
121 3465 128 3492 ,
138 3435 319 3505 postulamini
331 3437 420 3504 robis,
433 3439 519 3489 muros
527 3427 929 3559 οοΙοιιίιι,ωυιιίιιιειὲαίθτῖἰῑῦ»
938 3425 988 3489 (¹⁸⁶.
