2234 3817
340 193 579 236 ursaonsanust
601 195 667 235 urs.
682 197 710 236 v:
932 187 982 240 tet
1025 170 1032 175 ’
1075 182 1077 185 ’

65 288 183 344 renui,
199 281 258 348 qula
274 279 314 330 vel
328 280 478 345 plantantis
494 276 662 330 munirentur.
680 279 744 332 Nam
756 274 819 330 duos
830 281 922 346 tollet,
935 285 985 334 irn-

65 369 193 404 mensum
205 354 305 415 editos,
317 351 469 401 claudebant
479 355 561 415 muri,
572 370 617 419 per
625 364 706 416 artem
715 354 827 420 obliqui,
837 368 879 407 aut
890 360 984 408 intror-

68 429 116 478 sus
125 429 236 491 sinuati,
246 440 275 478 ut
283 429 361 478 latera
370 429 572 493 oppugnantium
580 427 611 475 sd
620 427 685 476 ictus
693 434 985 493 patescerent.Extrema

67 503 147 567 rupis
158 503 265 569 abrupta
277 519 283 551 z
298 513 325 551 et
334 514 418 550 turres
427 537 433 558 ,
443 500 487 548 ubi
497 517 571 552 mons
580 501 683 563 iuvisset
695 539 701 559 ,
712 503 738 550 in
752 505 879 569 sexaginta
892 505 984 571 pedes,

69 575 146 624 inter
154 574 260 631 devera.
275 578 302 625 in
312 587 432 625 centenos
441 576 593 640 vicenosque
607 575 803 643 attollebantur5
814 577 877 626 mirri
886 581 970 644 specie
976 615 985 638 ,

70 664 107 705 ao
115 649 207 713 procul
217 649 374 701 intuentibus
383 664 465 714 pares.
472 648 528 698 Alis
537 650 605 696 intus
614 647 719 707 moenia,
731 650 803 714 regite
812 650 970 715 circumjecta
980 668 986 699 ε

70 719 266 789 conspicuoque
284 719 385 784 fastigio
400 719 476 768 turris
490 713 623 773 Antonio
630 758 640 784 ,
658 719 818 770 inhonorem
833 723 868 772 M.
881 722 988 774 Antonii

72 794 106 842 ab
119 791 369 860 Herodeappellata.
898 786 906 791 ’

112 867 174 917 ΧΠ.
186 865 322 932 Templum
340 869 369 917 in
383 868 490 919 modurn
507 865 585 929 arcis,
601 868 747 934 propriique
760 869 841 929 muri,
857 868 944 918 labore
962 879 990 919 et

72 955 156 1007 opere
163 951 226 988 ante
237 942 318 1001 alios:
331 943 390 1008 ipsa
397 944 525 1009 porticus,
534 941 593 1006 quis
603 944 729 1010 ternplum
737 943 909 997 ambiebatur.
920 958 990 1009 egre·

74 1014 386 1080 piumpropugnaeulum.
396 1016 465 1077 Fons
473 1016 589 1083 perennis
600 1033 669 1081 aquae
678 1052 684 1076 ,
694 1020 775 1066 cavati
784 1017 831 1067 snb
843 1015 909 1065 terri
918 1032 993 1065 snou-

76 1098 117 1137 tes
128 1107 136 1148 ς
146 1099 173 1137 et
184 1088 284 1154 piscinae
293 1089 454 1157 cisternaeque
461 1089 593 1139 servandis
605 1091 734 1141 imbribus.
745 1089 916 1142 Providerant
926 1106 989 1138 con·
1026 1144 1031 1155 Ι

75 1160 177 1211 ditores
187 1199 195 1228 ‚
205 1178 236 1210 ex
245 1162 389 1215 diversitate
400 1171 515 1227 morum,
526 1165 613 1215 crebra
622 1165 689 1215 bella
701 1183 707 1216 ε
718 1165 777 1215 inde
786 1176 892 1224 cuneta,
902 1180 991 1228 quam·

78 1236 122 1293 ris
133 1235 254 1287 adsersus
269 1237 376 1303 longum
389 1237 531 1300 obsidium
545 1239 596 1289 eti
610 1237 897 1313 Pompeiobexpugnatis
907 1247 991 1285 metue

81 1319 159 1371 atque
168 1325 229 1358 usus
242 1311 364 1377 pleraque
374 1312 655 1378 monstravere..Atque
662 1314 675 1379 ,'
683 1329 728 1379 per
737 1311 866 1363 avaritiam
877 1308 993 1357 Claudia·

82 1394 176 1432 norum
186 1395 330 1448 temporam
340 1424 346 1441 ‚
355 1397 440 1452 empto
447 1385 502 1449 jure
511 1387 662 1455 muniendi,
672 1386 785 1434 struxere
794 1381 915 1431 murosin
921 1395 991 1446 pace,

25 1448 28 1521 f
83 1465 206 1519 tauquam
219 1458 251 1506 ad
262 1460 373 1526 bellum3
387 1458 646 1526 magnicolluvie3‘et
656 1471 796 1509 ceterarum
805 1456 907 1505 urbium
922 1451 994 1502 clads

25 1526 28 1545 “
82 1531 166 1581 aucti:
180 1548 239 1583 nam
249 1536 470 1598 pervicacissimus
487 1536 594 1600 quiaque
612 1536 672 1583 illuc
687 1532 844 1601 perfugerat,
861 1528 941 1594 eb'que
957 1541 997 1576 se·

84 1600 205 1655 ditioait'ss
216 1607 408 1669 agebant..Tret
421 1606 514 1670 duces,
528 1609 635 1657 totidem
647 1608 781 1656 exercitus.
793 1607 913 1654 Extrema
923 1613 949 1650 et
959 1602 997 1648 la-

25 1669 29 1675 ’
84 1675 182 1726 tissima
195 1679 317 1726 moenium
329 1679 416 1742 8imo3
430 1680 541 1730 mediam
560 1672 1000 1739 u1·uem10annes,quemetssars

25 1744 27 1771 ³
82 1749 183 1813 giorum
196 1751 319 1800 recaleant
331 1773 338 1813 3
352 1752 476 1816 ternplum
487 1751 624 1799 Eleazarus
635 1751 790 1799 firmarerat.
802 1744 966 1797 Multitudine
975 1756 1001 1793 et
1037 1775 1042 1783 .

85 1823 165 1872 armis
177 1823 282 1875 loannes
292 1858 298 1883 ,
310 1840 339 1871 ac
350 1823 437 1887 Simo3
449 1823 584 1869 Eleazarus
595 1824 653 1868 loco
663 1822 786 1884 pollebat.
798 1821 847 1868 Sed
855 1821 938 1889 prelia
946 1856 953 1875 ,
961 1819 1004 1868 do·

25 1888 28 1907 ³
82 1894 131 1943 tna
143 1930 149 1947 ,
159 1896 274 1945 incendis
288 1897 354 1945 inter
373 1895 458 1961 ipsos,
473 1905 499 1943 et
512 1909 604 1956 magna
618 1894 656 1938 vis
671 1891 791 1941 frumeuti
803 1893 926 1941 ambusta.
944 1893 1005 1941 Mox

26 1959 33 1989 ³³
85 1964 197 2015 hanuet
204 2006 211 2030 ,
223 1971 304 2020 missis
316 1985 361 2036 per
372 1970 484 2036 speciem
499 1964 672 2025 sacrificandi,
682 1965 882 2030 quiEleazsrum
891 1981 1006 2014 manum·

26 2034 29 2061 Γ
87 2054 138 2105 que
149 2038 203 2103 ejus
214 2044 410 2105 obtrumcnreut‚
424 2040 522 2105 templo
533 2041 650 2105 potitur:
664 2039 699 2087 ita
716 2039 742 2086 in
759 2037 822 2086 <luas
833 2037 956 2103 lectiones
968 2038 1006 2086 ei-

82 2113 156 2162 iitas
171 2111 282 2163 discessit
291 2150 298 2175 ,
306 2115 407 2176 donee,
423 2112 656 2183 propinquantibus
667 2111 802 2173 Romanis,
813 2110 910 2158 bellurn
922 2121 1006 2175 exter·

87 2200 152 2235 num
167 2187 328 2238 concordiam
341 2200 451 2254 pareret.

121 2257 194 2308 xm.
218 2261 360 2311 Evenerant
382 2260 511 2329 prodigia,
531 2273 585 2322 quse
603 2273 685 2322 neque
702 2254 812 2314 hostiis,
831 2257 914 2321 n'eque
936 2256 1006 2306 votis

89 2328 163 2394 piare
176 2330 213 2382 sas
228 2333 305 2382 habet
318 2351 381 2400 gens
394 2332 569 2400 superstitioni
581 2332 704 2395 obnoxia,
716 2324 880 2394 religionibus
891 2328 1006 2379 adversa·

90 2401 158 2448 Visae
168 2422 213 2466 per
224 2407 316 2455 coelum
332 2423 483 2457 concurrere
498 2405 565 2454 acies
576 2443 581 2464 ,
592 2404 721 2454 rutilantia
734 2419 802 2451 arma
811 2440 818 2464 ,
828 2413 854 2451 et
865 2401 950 2451 subito
959 2419 1008 2450 uu·

92 2472 167 2523 bium
184 2475 376 2539 ignemltncare
385 2481 527 2547 templum.
538 2480 655 2545 Erpasac
667 2475 769 2542 repenle
780 2475 881 2524 delubri
890 2475 970 2535 sores,
980 2486 1007 2525 et

94 2546 183 2596 audita
194 2548 274 2617 major
287 2547 400 2596 tramant
414 2571 479 2610 vnn,
499 2555 625 2605 excedere
637 2553 700 2604 deos
711 2568 720 2601 .·
732 2549 806 2598 simul
816 2550 904 2611 ingens
920 2560 1005 2598 motus

94 2619 284 2672 excedentium.
297 2622 359 2685 Quas
369 2621 444 2687 pauci
455 2623 480 2667 in
495 2631 591 2666 metum
605 2625 737 2668 trabebant
752 2640 758 2668 :
776 2619 893 2685 pluribus
900 2636 1005 2684 persna-

94 2693 136 2742 sio
150 2694 243 2750 iuerat,
254 2693 369 2759 2antiquis
386 2692 546 2742 sacerdotum
563 2691 654 2739 litteris
666 2692 800 2751 contineri,
817 2707 847 2743 eo
863 2694 919 2757 ipso
937 2705 1006 2743 tem.

91 2766 233 2834 pnrelore,
244 2780 273 2820 ut
288 2769 424 2819 valesceret
438 2765 546 2822 Oriens,
562 2763 719 2830 profectique
738 2763 822 2813 Judaet
837 2781 922 2814 rerum
933 2771 1004 2830 poti-

52 2841 57 2848 '
92 2852 199 2890 rentur:
214 2859 268 2906 qun
281 2838 399 2905 ambages
409 2839 595 2904 Vespasianum
610 2854 638 2886 ac
655 2839 742 2885 Titum
758 2836 932 2901 praedixerant.
953 2841 1002 2890 Sed

92 2914 203 2979 vulgus,
216 2933 287 2965 rnorc
297 2914 413 2965 humane
428 2912 570 2978 cupidinis,
582 2915 631 2962 sibi
648 2925 744 2962 tantam
754 2912 864 2977 latorum
876 2908 1004 2980 magnituss

92 2985 183 3036 dinem
203 2991 374 3055 interpretati,
398 3005 430 3037 nc
457 2986 569 3035 adversis
582 2986 684 3051 quidem
706 2985 811 3035 advers
829 2988 1007 3048 mutabantur,

91 3060 291 3111 Multitudinem
302 3064 480 3120 obsessorum,
494 3063 577 3111 omnis
588 3062 680 3118 atatis,
698 3062 771 3109 virile
787 3076 816 3108 ac
828 3061 950 3110 muliebre
962 3081 1004 3128 se-
1077 3091 1082 3099 -

90 3151 155 3194 cus,
175 3148 291 3186 sescenta
304 3136 384 3186 millia
398 3136 474 3186 luisse
486 3137 639 3202 accepimus.
657 3136 736 3185 Arma
752 3135 864 3194 cunctis,
877 3136 920 3197 qui
937 3135 1002 3185 ferre

91 3221 215 3275 possent:
229 3221 255 3257 et
266 3212 352 3277 plures
360 3244 368 3271 ‚
376 3209 451 3277 quim
461 3224 509 3277 pro
518 3224 640 3269 numero,
653 3208 789 3257 audebant.
798 3207 950 3279 *obstinatio
964 3211 1004 3259 vi·

92 3280 130 3330 ris
148 3274 377 3351 feminisque‘par:
392 3299 437 3343 ac,
459 3283 481 3330 si
497 3283 632 3333 transferre
646 3282 718 3332 sedes
737 3292 902 3346 cogerentur,
923 3282 1005 3345 maior

33 3346 35 3351 ’
93 3352 133 3418 jor
148 3356 205 3404 vitu
217 3369 316 3419 metus,
335 3358 412 3425 qu'am
429 3356 527 3407 mortis.
543 3357 615 3406 Hanc
626 3354 744 3406 adversus
755 3357 844 3403 urbem
852 3365 1003 3420 gentemque

93 3427 174 3490 Cesar
182 3431 270 3499 Titus,
280 3433 381 3500 quando
392 3434 501 3504 impetus
510 3442 537 3483 tt
545 3431 627 3489 subita
637 3431 698 3481 belli
707 3431 777 3484 locus
787 3430 915 3491 obrueret,
926 3443 1004 3495 agger
