2234 3817
359 209 537 252 suarinas
557 219 625 255 cra.
643 220 687 256 vr.
929 210 976 259 125

59 289 223 358 Nicopolim,
235 285 381 336 Romanam
392 286 528 346 coloniam,
537 291 673 355 ingressus,
683 291 717 339 ibi
726 291 976 360 demumcognoscit,

62 363 184 414 solertiirs
194 364 395 424 interrogatum,
410 362 537 430 qicisnam
543 361 630 431 fieret,
641 364 748 427 dixisse,
763 369 804 416 Μ.
821 365 988 436 δι’ἱαηοςευ

61 442 152 489 nilum
164 455 172 485 .·
184 449 225 496 et,
233 434 322 483 multis
334 428 489 481 sectatorum
501 434 609 501 dilapsis
619 437 794 491 ‚adscendisse
806 456 908 499 narem,
919 452 975 490 tau·

62 519 140 566 quam
152 503 256 550 Italiam
268 505 369 566 peteret
383 515 388 545 :
402 498 551 563 scripsitque
564 500 617 549 hnc
630 502 734 552 Tiberio
747 522 753 552 :
765 519 847 569 neque
861 523 908 556 nos
922 508 975 555 ori·
998 570 1001 571 ⁷

11 588 29 596 χ
62 578 150 641 giaem
161 577 270 624 finemve
284 574 338 634 eius
348 572 386 619 rei
397 571 462 619 uitri
474 577 652 641 cosnperimus.

95 647 147 696 xl.
163 648 238 696 Exitu
255 647 329 707 suni,
349 642 393 690 diu
411 656 484 691 aucta
501 643 625 693 discordia
641 645 775 699 constrlum
790 649 873 713 erupit
889 666 895 696 :
914 664 973 699 nam

61 718 143 772 Trio.
161 720 242 786 facilis
259 715 417 783 capessendis
438 717 589 774 inimicitiis,
606 729 633 767 et
647 717 703 767 loro
720 721 862 780 exercitus,
881 730 913 771 ut
928 741 972 775 ss·

59 811 147 864 gnam
158 786 292 862 Regulum
305 792 342 842 ad
354 793 542 859 opprimendos
555 789 796 862 SeJ'aniministros
808 793 909 858 obliqui
918 811 972 859 per·

62 867 222 915 strinxerat:
236 865 291 924 ille,
305 865 352 912 nisi
364 864 542 923 lacesseretur,
551 865 680 914 modestia
690 869 813 927 retinens,
828 867 968 916 counradi

60 939 161 988 retudit
173 941 312 1003 collegam
328 937 373 986 sed
388 948 419 988 ut
430 943 540 989 noxium
554 942 755 1009 conjurationis
767 942 799 988 ad
811 941 971 1006 disquisitio·

61 1028 121 1060 nem
128 1013 258 1062 trahebat.
268 1013 404 1076 Multisque
413 1024 515 1077 patrum
526 1014 670 1073 orantibus,
679 1004 803 1078 ponerint
812 1015 869 1064 odia
878 1018 903 1064 iu
912 1012 982 1081 per-'

63 1087 155 1134 niciem
174 1088 260 1150 itura,
276 1086 391 1135 mansere
406 1085 499 1139 infensi
515 1102 544 1135 ac
555 1084 718 1149 minitsntes,
730 1088 810 1137 donec
825 1090 971 1155 magistratu

65 1159 172 1209 abirent.
306 1156 310 1161 ’
586 1178 589 1181 ·

59 1359 148 1384 m
155 1358 964 1386 nmmmwwbwmmm
1041 1386 1045 1391 ,

94 1536 97 1539 ’
148 1529 189 1589 ”.
218 1516 549 1603 ANNALIUM
582 1517 798 1602 L1B.·v1.

52 1733 336 1787 Tiberiuaambiguusau
345 1726 427 1781 urbem
437 1741 549 1793 intraret,
556 1747 582 1783 et
589 1740 653 1795 sape
660 1741 685 1782 in
690 1741 823 1797 propinqua
829 1741 963 1797 degressus,

80 1800 188 1853 Capreas
201 1809 297 1840 rursum
308 1805 331 1840 et
339 1800 495 1843 solitudinem
507 1803 584 1844 maris
594 1803 692 1856 repetit,
706 1801 797 1855 pudore
806 1801 923 1843 scelerum
935 1816 964 1844 ac

81 1857 227 1911 libidinum,
243 1857 329 1915 quibus
341 1859 466 1902 indomitis
482 1861 653 1906 inardescebat.
667 1861 749 1903 Romoe
762 1860 861 1904 senariis
874 1864 964 1917 misera

82 1918 197 1972 conditio,
204 1917 327 1961 adulantis
329 1918 398 1975 foede
403 1922 518 1977 principi,
523 1930 550 1965 et
557 1923 608 1975 eiius
617 1920 704 1964 in'reos
710 1921 850 1965 crudelitati
859 1925 964 1963 servien-

80 1983 124 2023 tis.
139 1979 241 2034 Quidam
250 1986 330 2021 tamen
339 1980 459 2024 delatores
471 1981 575 2026 Caesaris
585 1985 674 2027 litteris
681 1983 800 2037 perculsi:
810 1980 853 2022 sed
861 1981 965 2026 Messal-

80 2041 147 2086 linus
159 2038 385 2092 Gatta,soevissimoe
396 2042 511 2099 cujusque
520 2047 646 2087 sententia
656 2050 753 2093 auctor,
765 2043 836 2083 ereis
846 2042 964 2083 eximitur

75 2114 126 2159 per
136 2100 247 2151 eiusdem
260 2099 365 2157 litteras,
381 2115 481 2159 quarum
496 2104 588 2154 insigne
602 2103 708 2145 initium.
723 2098 871 2145 Plutmrot
881 2101 965 2152 Sejani

77 2166 222 2210 amicitiam
228 2165 344 2218 accusati,
353 2170 459 2224 interque
465 2165 544 2210 eosts.
553 2165 677 2208 Terentius
683 2175 754 2221 eques
762 2162 891 2212 Romanus,
899 2162 964 2212 cuius

76 2228 192 2273 liberast
205 2227 299 2283 egregia
310 2224 417 2281 defensio
430 2228 528 2270 inserta.
542 2226 594 2270 Nec
605 2225 709 2281 femine
725 2232 834 2268 ausones
843 2223 950 2280 periculi
953 2238 965 2279 ,³

78 2295 205 2343 materque
213 2293 317 2339 necatur,
330 2285 357 2328 ed
366 2285 487 2344 quddfilii
497 2287 699 2345 necemstevisset.
710 2287 737 2329 L.
747 2287 847 2330 Pisanis
852 2285 965 2342 proesecti

76 2347 143 2391 urhis
153 2359 218 2391 mors
228 2355 252 2389 et
259 2346 349 2403 funus,
362 2355 386 2389 et
396 2360 441 2402 per
449 2350 601 2390 occasionem
613 2348 643 2391 de
651 2349 743 2401 origine
757 2348 809 2399 ejus
822 2348 927 2390 muneris
938 2352 963 2388 et

73 2420 205 2465 progressu.
217 2408 348 2450 Decretum
361 2406 467 2449 Serranis
475 2407 505 2449 de
515 2408 650 2464 recipiendo
661 2407 765 2459 Sibylla
777 2407 853 2458 libro,
870 2409 914 2467 qul
923 2415 961 2450 ta-

73 2463 583 2525 menactioniquindecimririlmsubjicitur.
591 2469 684 2513 Seditia
691 2462 807 2513 Romoeo'b
815 2470 961 2520 gravitatem

73 2527 962 2590 anaante,dequeedrchberir'litteroeadSenatum.Gennanicifilioenup-
1020 2565 1025 2571 ,

73 2601 126 2638 tum
135 2592 199 2635 data
207 2591 235 2633 L.
251 2589 341 2640 Cassio,
349 2589 410 2633 etM.
422 2589 526 2634 Vinicio.
533 2593 698 2636 Foeneratores
705 2592 730 2633 in
733 2591 852 2643 iudicium
861 2589 945 2631 uocati
950 2598 961 2635 ‚⁰

73 2663 189 2708 repressae
197 2662 287 2703 usura,
296 2658 319 2693 et
328 2649 473 2694 liberalitate
484 2653 588 2696 Caesaris
594 2651 724 2692 multorum
725 2649 792 2704 fides
799 2647 898 2701 refecta.
908 2647 961 2688 Ite-

71 2722 128 2756 rum
138 2711 304 2751 accusationes
311 2711 461 2765 majestatis;
473 2718 497 2753 et
506 2711 632 2765 Pompeiae
644 2707 771 2759 Macrinus,
784 2706 896 2761 patrique
906 2706 957 2758 ejus

72 2762 105 2814 uc
112 2769 194 2825 fratri
208 2770 303 2811 amarini
315 2766 407 2825 datum,
422 2770 486 2830 qudd
498 2767 668 2823 Theophanem
681 2777 797 2821 proavum
811 2764 897 2808 horum
911 2765 954 2810 Cn.

69 2831 208 2886 Pompeius
216 2833 382 2876 interimimus
390 2833 523 2876 habuisset.
536 2829 647 2873 Tiberius
656 2835 691 2872 tot
698 2827 827 2884 suppliciis
838 2828 961 2880 irritatas‚·

55 2892 302 2945 amnemejantana
311 2895 484 2947 conjurationis
494 2905 548 2936 reos
558 2892 641 2934 necari
648 2889 715 2941 iubet
724 2904 733 2932 .-
743 2901 843 2948 quorum
851 2890 967 2943 corpori·¹

68 2951 117 3013 ἄρα,
128 2951 204 2995 donec
214 2954 242 2995 in
250 2953 355 2997 Tiberim
365 2954 524 3007 traderentur,
534 2952 687 3009 circumjecti
696 2949 810 3003 custodes,
821 2962 896 3006 neque
902 2962 959 3006 pru·

67 3013 162 3070 pinquis
171 3014 308 3057 autamicis
317 3006 446 3067 adsistere,
457 3021 498 3056 aut
506 3014 664 3065 illacrymare
670 3013 822 3068 permissum.
833 3010 861 3054 C.
875 3010 961 3054 Cesar

73 3072 200 3116 Claudiam
206 3086 309 3116 uxorem
316 3076 421 3129 accipit:
429 3075 479 3127 ejus
489 3085 575 3127 mores,
584 3083 607 3117 et
613 3074 705 3119 callida
711 3072 836 3116 simulatio
844 3075 869 3114 in
875 3086 957 3117 avum.

72 3131 164 3176 Tiberii
170 3136 319 3191 presagium
327 3135 358 3178 de
366 3137 420 3179 Ser.
432 3133 522 3186 Gellii,
532 3141 555 3177 et
560 3148 605 3190 per
611 3147 666 3177 eum
673 3145 771 3175 causum
779 3131 809 3174 de
818 3132 956 3175 Mathema-

68 3194 124 3236 licis
135 3194 230 3252 aliquid
242 3204 266 3239 et
277 3197 419 3249 Thrasyllo.
432 3196 505 3238 Drusi
517 3193 716 3249 Germanicifllii
727 3192 862 3234 miseranda
873 3204 957 3242 mors;

67 3254 133 3296 idem
146 3253 306 3313 Agrippinae.-
319 3265 343 3302 et
360 3261 386 3302 in
399 3255 524 3311 defunctos
532 3255 602 3312 foeda
617 3255 744 3296 tmectatlo
760 3253 859 3295 Tiberii.
875 3253 956 3296 Nerva

59 3314 248 3372 jureconsultus,
257 3320 388 3374 prosimus
397 3318 531 3360 amicorum
542 3313 805 3366 auserisaisunenua
815 3312 863 3354 cibi
870 3320 956 3366 sponte

62 3378 231 3428 exstinguitur.
245 3378 382 3432 Plancina,
400 3379 460 3423 olim
474 3376 564 3431 infesta
585 3375 740 3424 Germanico,
756 3373 801 3416 sud
813 3385 886 3413 manu
896 3382 951 3411 sera

62 3437 143 3490 malit
155 3438 230 3495 quam
242 3440 370 3487 immerita
378 3436 500 3498 supplicia
508 3438 631 3494 persolvit.
651 3435 755 3545 aliquobi¹
762 3435 868 3540 a5liarunr
880 3430 949 3472 illus·
