2234 3817
305 236 309 249 .
339 172 579 231 basraarsauu
601 193 666 230 tra.
690 195 727 230 ιι.
941 183 990 250 577

75 288 158 328 anum
169 272 347 339 adsurgentem
358 309 365 329 ,
375 274 506 323 infirmitas
518 272 643 323 tardabat.
654 272 739 338 Longe
751 273 799 323 alia
811 273 991 339 proficiscendo

79 366 118 399 ex
127 352 189 398 urbe
200 347 345 396 Germanici
357 345 480 395 exercitale
494 348 606 413 species:
618 364 669 396 nun
682 349 753 411 vigor
763 340 911 414 corporibus
922 385 929 405 ,
939 362 993 397 ιιοιι

78 421 164 477 ardor
173 421 265 469 animis
276 437 282 467 :
294 421 392 468 lentum
402 432 428 468 et
438 437 523 469 rarum
532 437 622 486 agmen
633 422 718 490 ,dura
727 437 811 479 arma,
823 436 911 484 segnes
921 423 993 486 equi:
1013 426 1018 435 ‘

80 497 224 563 impatiens
236 497 310 556 adlis,
329 488 456 560 pulveris,=
472 508 653 562 tempestatum
664 515 671 561 3
684 509 857 561 quantumque
870 495 947 545 hebes
959 495 993 544 ad

83 567 268 620 sustinendum
280 567 392 617 laborem
401 568 491 633 miles,
501 567 573 618 tantti
585 569 617 617 ad
627 567 768 619 discordias
780 570 932 635 promptior.
944 569 994 620 Ac·

81 642 197 693 cedebat
206 641 256 690 buc
265 643 367 709 Caecinae
377 642 482 690 ambitio
495 648 580 702 vetut,
589 650 676 707 torpor
686 659 774 693 recena
782 679 789 701 ,
798 640 877 689 nimii
887 638 993 693 fortium¹

82 710 248 779 indulgentia
260 715 337 763 soluti
352 716 378 763 in
392 715 481 762 lurum
493 732 499 762 :
510 716 553 764 ιιι]
565 714 697 781 perfidiam
713 714 847 771 meditato,
859 712 994 781 infringere

83 787 217 841 exerenda
239 788 361 838 virtutem
380 791 447 838 inter
463 801 529 838 artes
545 801 609 838 erat.
624 788 761 838 Credidere
771 789 884 854 plerique
895 788 995 845 ‚ularii

83 862 178 913 Sabini
189 863 304 910 consiliis
316 878 464 911 concussam
475 865 577 912 Caecinae
585 873 713 920 mentem,
724 863 841 911 ministro
849 878 995 913 sermonum

79 934 189 993 ¹Rubrio
203 934 294 994 Gallo,
306 947 380 984 arata
389 936 457 1001 apud
467 936 648 1002 Vespasianum
657 934 711 984 fore
720 946 792 1002 pacta
800 936 994 985 transitionisu:

85 1000 167 1058 aima'al
178 1007 299 1056 odiorum
309 1009 458 1073 invidiaque
467 1026 526 1077 erga
534 1011 643 1075 Fabrum
654 1010 788 1059 Valentem
801 1008 993 1067 admonebatur,

85 1099 102 1130 a
110 1093 141 1130 ut
150 1081 233 1147 impar
248 1081 317 1149 apud
327 1083 473 1148 Vitellium,
489 1085 597 1151 gratiam
610 1086 726 1148 viresque
737 1081 803 1150 apud
813 1098 909 1133 novum
922 1083 995 1149 priu-

85 1157 172 1223 cipem
180 1168 311 1220 pararet».

122 1223 153 1271 G.
168 1222 265 1271 Caeina
276 1221 410 1287 complexu
418 1221 508 1270 Vitelli
516 1224 599 1271 multo
609 1238 667 1271 cum
672 1220 770 1270 honore
780 1220 922 1305 digressus,
934 1230 996 1282 par·

87 1305 146 1342 tem
161 1294 275 1357 equitum
288 1292 320 1341 ad
333 1292 505 1359 occupandam
517 1296 671 1344 Cremonam
686 1295 821 1360 premisit:
834 1308 894 1339 mox
911 1292 996 1339 vexil·
1050 1326 1055 1335 .

87 1363 151 1413 larii
161 1363 368 1427 quartaedecimae,
388 1375 413 1411 et
423 1365 602 1414 sextadecima
617 1367 762 1431 legionum3
775 1364 834 1412 dein
848 1364 950 1427 quinta,
967 1374 995 1412 et

91 1436 288 1486 duoetvicesima
303 1448 410 1485 secutae:
427 1449 557 1502 postremo
570 1437 670 1503 agmine
683 1437 878 1495 unaetvicesima
891 1433 994 1500 Rapax,

90 1521 121 1560 et
133 1509 214 1574 prima
224 1510 310 1558 Italica
326 1508 465 1568 incessere,
480 1527 538 1559 cum
555 1509 694 1558 vexillariis
705 1512 783 1558 trium
793 1509 995 1557 Britannicarum

88 1585 236 1648 legionum,
252 1594 278 1631 et
295 1583 382 1631 electis
400 1582 508 1631 auxiliis.
525 1582 644 1632 Profecto
660 1582 770 1647 Caecina,
785 1583 884 1648 scripsit
902 1581 994 1631 Fabius

12 1702 17 1706 ,
89 1657 188 1709 Valens
199 1657 335 1714 exercitui,
344 1672 418 1719 quem
431 1657 483 1720 ipse
497 1656 658 1705 ductaverat:
670 1666 718 1704 (tut
726 1656 751 1704 in
762 1657 851 1704 itinere
863 1655 994 1719 opperire·
1061 1644 1065 1651 ’

5 1772 6 1787 ς
89 1741 153 1793 tur3
166 1729 202 1776 sic
214 1729 261 1776 sibi
271 1745 330 1776 curn
343 1729 440 1777 Caetra
452 1731 631 1789 convenisse»,
648 1732 692 1793 qui
702 1728 913 1794 praesens,ebque
927 1726 994 1775 vali-

89 1802 161 1863 dlot,
181 1803 366 1850 «immutatum
387 1800 413 1849 id
432 1803 591 1852 consilium»
614 1804 701 1865 tinxit,
717 1814 765 1851 ‹tut
782 1802 908 1865 ingruenti
920 1799 994 1848 bello

89 1875 146 1925 toti
157 1876 225 1924 mole
237 1887 422 1925 occurreretur.
433 1875 472 1922 Ita
488 1873 630 1931 adcelerare
637 1891 651 1920 n
664 1876 775 1935 legiones
791 1875 995 1934 «Cr'emonamu,
1052 1914 1057 1923 ,

89 1965 151 2016 pars
165 1949 320 1998 aHostiliam
334 1954 443 2014 petetea
456 1945 527 2007 jussas
539 1965 545 1994 ι
558 1947 612 2012 ipse
631 1944 776 1993 Ravennam
791 1946 916 2003 devertit,
929 1962 997 2010 prae-

92 2032 167 2072 texto
180 2020 283 2071 clamem
299 2019 472 2085 adloquendi:
488 2035 549 2070 mox
567 2018 665 2067 Patavii
683 2027 807 2065 secretum
819 2017 997 2084 componendae

83 2093 245 2163 ¹proditionis
258 2097 401 2161 quasitum.
416 2096 531 2158 Namque
544 2092 659 2142 Lucilius
672 2093 779 2150 Bassus,
793 2103 852 2156 post
863 2090 998 2156 praelectu-

93 2185 150 2218 ram
158 2170 217 2226 alae,
228 2169 370 2233 Ravennati
381 2169 458 2216 simul
470 2183 499 2217 ac
511 2166 650 2216 Misenensi
660 2165 781 2226 classibus
791 2163 805 2212 ai
815 2164 919 2212 Vitellio
929 2180 997 2230 pras-

94 2244 209 2326 positus,
223 2242 293 2308 qudd
304 2260 357 2293 non
376 2243 462 2291 statim
478 2241 653 2308 prefecturam
665 2240 777 2305 pretorii
792 2238 896 2304 adeptus
914 2237 997 2304 foret,

94 2316 207 2380 iniquam
217 2315 371 2365 iracundiam
380 2314 503 2379 flagitiosi
513 2313 619 2380 perfidia
629 2312 812 2362 ulciscebatur:
826 2327 872 2360 nec
881 2310 938 2361 sciri
948 2328 998 2378 po·

93 2399 161 2469 teat,
172 2393 308 2440 traxeritne
318 2391 457 2447 (lucinam,
470 2406 501 2437 au
512 2388 600 2456 (quod
611 2389 697 2436 evenit
707 2389 773 2437 iuter
783 2387 863 2436 malos
868 2422 878 2448 ‚
888 2397 918 2436 ut
928 2397 954 2435 et
962 2385 998 2435 si-

94 2426 168 2512 niiles
177 2463 254 2531 sint)
257 2463 344 2512 eadem
356 2461 414 2511 illos
424 2463 536 2528 pravitas
546 2461 687 2528 impulerit.

126 2557 168 2605 ct.
180 2555 322 2622 Scriptores
335 2567 493 2622 tempotum,
504 2557 564 2621 qui,
581 2557 694 2622 potiente
706 2572 791 2606 rerum
805 2552 893 2603 Flavia
906 2552 997 2613 domo,

96 2641 265 2678 monumenta
274 2628 448 2692 bellibujusce
463 2643 660 2695 composuerunt
668 2665 678 2689 2
686 2645 792 2677 «curam
805 2632 874 2692 pacis
886 2631 912 2673 et
922 2642 998 2689 amo?

89 2715 153 2750 ¹rem
165 2700 331 2765 reipublice»
343 2715 474 2768 corruptas
485 2702 513 2751 in
525 2700 701 2750 adulationem
713 2717 851 2755 «cautas»,
863 2696 999 2746 tradidere.

96 2775 194 2832 Nobis,
206 2791 282 2840 super
296 2776 394 2826 insitam
405 2779 548 2838 levitatem,
566 2788 608 2835 et,
624 2777 728 2843 prodito
744 2772 837 2834 Galba,
851 2772 928 2819 vilem
941 2787 1001 2821 mox

94 2847 188 2910 fidem,
201 2848 359 2899 aemulatione
371 2852 448 2899 ctiam
460 2813 622 2914 invidique,
635 2867 666 2898 ne
676 2850 707 2896 ab
719 2848 774 2896 aliis
784 2844 852 2911 apud
862 2845 999 2894 Vitellium

98 2923 259 2987 anteireaur,
260 2927 412 2991 pervertisse
422 2928 503 2992 ipsam
511 2925 648 2977 Vitellium
658 2923 714 2971 vrtle
719 2935 767 2971 tur
780 2922 876 2970 Caecina
888 2919 1002 2984 legiones

90 2995 247 3055 madaecutus
259 2999 438 3049 centurionum
448 3001 608 3064 militumque
618 3014 730 3055 ammos
741 2996 881 3046 obstinatos
893 3010 940 3060 pao
952 2994 1003 3040 Vr

102 3070 189 3130 tellio,
201 3070 280 3118 variis
290 3072 387 3121 artibus
398 3072 549 3121 subruebat.
560 3072 637 3120 Basso
645 3070 733 3120 eadem
739 3069 944 3119 molientiminor
952 3066 1003 3116 dif-

106 3144 185 3192 eultas
201 3156 267 3204 arat,
284 3146 384 3196 lubrica
400 3145 432 3199 ad
448 3147 595 3200 mutandam
609 3146 686 3199 fidem
699 3149 788 3216 classe,
803 3145 836 3196 ob
854 3143 1003 3198 memoriam

102 3215 210 3268 recentia
221 3233 268 3285 pru
281 3218 385 3275 Othone
397 3219 502 3275 militia.
