2234 3817
719 18 725 39 t

398 96 574 173 tarantum
596 138 663 175 nte.
680 132 745 176 xrt.
974 135 1022 200 179

111 225 168 278 stus
181 218 397 290 propugnatulia,
414 236 446 268 ex
459 221 516 287 quit
532 223 663 287 catapultae
677 223 831 288 ballistaeque
844 224 1019 278 tenderentur.

110 299 219 362 Reliqua
228 294 300 344 iactis
312 291 434 341 classiarii
446 295 519 367 tectis
528 295 636 343 navibus
646 296 804 346 obtinebant.
814 294 891 363 Ripae
898 309 924 346 ct
932 301 1021 360 coiies,

108 390 139 425 ac
149 370 279 421 montium
291 364 361 414 edita
376 367 403 414 in
416 367 523 417 modurn
534 367 641 425 theatri,
654 368 792 427 multitudo
804 371 936 421 innumera
947 389 1021 424 com·

106 446 204 515 piesit,
214 441 340 509 proximis
350 437 537 508 emuniriptis,
547 443 625 491 etalii
635 443 698 491 urhe
708 459 739 491 ex
751 442 804 509 ipsi
813 481 819 500 ,
834 445 932 494 visendi
946 451 1020 514 cupi-

110 523 186 579 dine,
197 527 242 567 aut
251 515 339 564 otono
350 515 377 563 in
391 516 542 587 principem.
555 516 615 582 ipse
624 519 716 584 insigni
728 517 921 584 paludamento,
939 539 1020 587 neque

109 593 201 662 procui
214 588 355 654 Agrippina
365 586 499 654 chiamyde
512 590 610 648 aurati,
618 590 927 658 prasedir·e.Pugnatum,
938 612 1021 658 quan·

112 684 190 735 quam
198 666 373 722 inteomntes,
383 661 487 713 fortium
496 666 611 716 virorum
620 669 705 717 animo
716 686 722 716 :
732 683 761 717 ac
769 680 827 736 post
838 671 949 719 multum
958 671 1020 721 vul-

112 758 216 799 nerum,
229 737 357 786 occidioni
368 741 480 805 exempti
491 748 560 790 suut.
600 798 603 801 ¹

57 842 61 857 r
144 814 226 864 Lvtt.
238 810 288 862 Sed
296 810 412 877 perfeeto
421 813 566 878 spectacnio
576 852 582 871 ,
596 825 712 881 apertum
721 832 842 882 aquarum
852 818 909 868 iter.
918 817 1018 868 incuria

113 884 341 955 operismanii'esta
353 885 416 944 suit,
430 886 501 935 haud
511 889 572 953 satit
581 889 706 954 depressi,
723 892 756 939 ad
766 889 835 938 iacias
848 892 899 939 ima
909 894 949 943 rel
960 909 1021 943 me·

111 963 161 1012 dia.
171 961 259 1025 quue
268 994 277 1018 ‚
290 974 403 1028 tempore
415 960 565 1024 interjecto,
577 961 653 1012 ultiits
664 962 748 1013 effossi
763 980 851 1030 specus
862 977 904 1020 ,et
913 977 1019 1014 contra-

110 1035 197 1086 bendae
207 1024 294 1085 roratis
306 1033 481 1094 multitudini,
493 1036 666 1102 giadiatorum
677 1040 849 1107 spectaculum
862 1038 959 1095 editur,
974 1040 1019 1089 in·

111 1112 172 1161 ditis
183 1109 305 1177 pontibus
314 1108 458 1175 pedestrem
471 1108 503 1159 ad
515 1127 637 1177 pugnam.
649 1113 717 1177 Quin
730 1125 754 1162 et
764 1113 909 1161 convivium
918 1102 1018 1163 effluvio

109 1186 181 1235 lacos
190 1184 335 1251 appositum
343 1184 433 1248 magni
444 1183 580 1233 formidine
591 1198 696 1251 cunctos
705 1185 810 1243 adiecit,
824 1188 883 1251 quia
895 1186 931 1234 rit
943 1204 1019 1251 aqua·

113 1275 169 1309 rum
181 1252 360 1324 prorumpens,
369 1258 487 1324 proxima
498 1254 629 1316 trabebit,
643 1262 770 1309 convulsis
783 1259 961 1317 ulterioribus,
974 1264 1018 1308 aut

117 1329 215 1397 fragore
231 1342 256 1380 et
264 1331 350 1379 sonitu
361 1333 498 1383 exterritis.
511 1324 755 1401 Simrri'Agrippiuffi
773 1333 941 1399 trepidatione
951 1333 1020 1399 prin·

113 1407 184 1472 cipis·
195 1421 251 1462 usa,
269 1406 414 1454 ministrum
428 1409 516 1473 operis
527 1408 675 1461 Narcissum
688 1410 800 1465 incusat,
814 1405 976 1472 «cupidinis,
988 1422 1018 1455 ac

110 1481 249 1549 praedatum
259 1498 274 1528 »
283 1493 347 1532 :nec
358 1481 402 1529 iile
412 1486 518 1543 reticet,
529 1484 726 1551 «impotentiam
737 1481 885 1532 mulieBrem
891 1517 899 1541 ,
912 1482 1018 1530 nimias-

110 1573 161 1622 que
167 1568 224 1621 spes
233 1554 287 1619 ejus
294 1573 309 1602 u
322 1562 442 1618 arguens.
784 1578 793 1586 -
936 1618 949 1626 ..
995 1552 1002 1627 ,Α

142 1632 236 1681 LVIII.
251 1631 284 1680 D.
296 1630 384 1694 iunio,
398 1631 430 1692 Q.
442 1630 548 1681 Haterio
558 1650 625 1683 coss.
636 1634 748 1684 sedecim
760 1646 840 1682 annos
851 1642 925 1680 natus
936 1622 1018 1689 Nero,

112 1702 264 1763 octaviam
273 1703 372 1753 Castris
381 1702 472 1764 tiliam,
482 1708 507 1754 iu
518 1708 708 1757 matrimonium
718 1708 822 1772 accepit.
832 1705 917 1768 thue
927 1702 1019 1753 studiis

112 1778 239 1838 honestis,
257 1789 283 1826 et
300 1778 448 1842 eloquentiae
464 1778 544 1844 gloria
561 1781 709 1830 enitesceret
725 1779 799 1828 causi
813 1777 944 1826 iliensium
962 1782 1019 1824 sut-

110 1851 197 1918 cepti,
210 1853 374 1919 ttRomanum
388 1848 465 1913 Trojd
484 1850 640 1909 demissum,
657 1865 685 1900 et
699 1850 770 1900 Juiiae
788 1851 872 1915 stirpis
888 1861 1018 1917 auctorem

114 1926 216 1974 AEaeam
224 1920 250 1980 a,
261 1925 359 1989 aiiaque
370 1920 437 1971 haud
448 1924 538 1988 procui
546 1921 640 1971 fabulis
653 1936 739 1971 vetera
750 1920 855 1987 iacun-de
867 1933 1015 1983 exsecutus,

73 1992 76 1999 ’
115 1998 235 2061 impetrat
247 2009 294 2045 unt
300 1997 403 2046 ilienses
413 1998 484 2046 omni
494 1997 597 2063 publico
608 2013 713 2044 munere
721 1997 880 2044 soirerentut
885 2012 911 2042 u.
921 1993 1019 2042 Eodem

114 2082 215 2121 oratore
226 2108 232 2126 ‚
243 2066 394 2122 Bononiensi
409 2073 522 2122 Colonia
533 2073 540 2119 i
559 2074 587 2120 ni
597 2071 691 2121 hausta
701 2072 854 2118 subventum
864 2071 958 2117 centies
967 2085 1019 2117 ses-

112 2145 331 2211 tertiiiargitione.
345 2144 469 2195 Redditur
479 2088 587 2196 Rhodiis
597 2145 710 2202 libertas,
722 2142 840 2209 adempta
848 2141 910 2208 saepi
920 2153 963 2190 aut
971 2143 1018 2190 ttr-

49 2236 52 2243 ’
115 2229 198 2277 mata,
209 2232 283 2284 prout
294 2218 368 2267 baliis
379 2221 490 2270 externis
502 2231 648 2268 meruerant
659 2257 665 2280 ,
676 2231 720 2268 aut
731 2212 801 2266 domi
810 2216 934 2266 seditione
950 2212 1019 2281 deii'·

113 2303 227 2355 querant.
241 2290 429 2356 Tributumque
447 2293 646 2360 Apamensibus,
668 2304 738 2344 terra
756 2302 829 2341 motu
845 2282 972 2357 convulsis
991 2291 1018 2338 in
1041 2318 1043 2321 -

110 2367 311 2431 quinquennium
323 2366 468 2414 remissum.

139 2441 210 2491 tlx.
220 2442 388 2492 At‘ciaudius
397 2442 531 2492 saevissima
540 2458 768 2510 quaquepromere
779 2440 939 2505 adigebatur,
951 2436 1018 2497 ejus·
1036 2442 1041 2449 ²

110 2515 169 2577 dem
182 2516 328 2584 Agrippinae
338 2515 450 2578 artibus,
459 2530 512 2583 quae
521 2519 650 2583 Statilium
659 2519 770 2564 Taurum
779 2515 872 2579 opibus
881 2512 1020 2567 iliustrem,

108 2590 191 2639 hortis
203 2591 258 2653 eiua
270 2582 370 2640 intrim
378 2627 385 2647 ,
394 2594 532 2656 pervertit,
547 2604 679 2640 accusante
688 2590 819 2652 Tarquitio
831 2585 925 2634 Prisco.
937 2580 1019 2645 Legna

109 2674 154 2712 tos
168 2663 191 2709 is
200 2660 296 2720 Tauri,
308 2662 422 2713 Atticam
440 2666 549 2730 imperio
560 2663 736 2728 proconsulari
746 2659 872 2724 regentis,
884 2664 1020 2721 postquam

111 2747 279 2798 revenerunt,
293 2752 371 2801 pauca
387 2738 596 2802 repetundarum
611 2735 745 2793 erimina,
762 2729 875 2780 ceterum
894 2731 1016 2797 magi⁶⁰³

112 2810 325 2877 superstitiones
336 2810 484 2873 objectabat.
496 2808 549 2857 Nec
566 2809 610 2857 ille
620 2806 716 2858 diutius
729 2805 821 2856 falsum
833 2814 1020 2859 accusatorem,

110 2879 278 2946 indignosque
288 2882 373 2932 sordes
393 2890 396 2897 '
416 2899 526 2951 rpessus,
539 2885 593 2932 vim
606 2883 663 2930 ritae
675 2898 722 2931 suae
734 2879 836 2938 attulit,
846 2888 903 2924 ante
916 2891 1021 2939 senten-

107 2954 172 3002 tiam
189 2955 301 3004 senatds.
315 2955 465 3023 Tarquitius
481 2969 565 3006 tamen
585 2956 653 3009 curii
670 2967 771 3005 exactus
783 2965 838 3002 est:
851 2951 919 3017 quod
936 2962 1020 3017 patres

109 3027 170 3076 odio
180 3027 319 3093 delatoris,
335 3044 424 3082 contra
436 3031 560 3081 ambitum
571 3031 714 3098 Agrippina
725 3026 875 3094 pervicere„
1013 3028 1016 3035 '

140 3101 197 3152 Lx.
214 3101 314 3151 Eodem
335 3120 403 3155 anuo
415 3104 504 3179 spepitia
518 3105 605 3154 audita
621 3121 671 3154 vox
688 3103 829 3168 principis,
845 3114 953 3165 sperem
968 3099 1021 3144 vim

108 3190 195 3227 mem
212 3174 385 3227 bibendomt
399 3180 606 3246 procuratoribus
622 3178 674 3227 suis
689 3176 872 3240 judicatarum,
888 3189 917 3220 ae
928 3172 949 3218 si
968 3172 1020 3233 ipse

106 3249 279 3299 metuissetu:
297 3269 327 3299 ac
341 3269 375 3301 ne
390 3250 498 3301 fortuiti
509 3251 643 3316 prolapsus
655 3250 798 3305 videretur,
809 3245 911 3296 aenatba
920 3252 1019 3306 qnoque

106 3323 225 3371 enneuito
233 3330 357 3385 nautum,
369 3324 468 3393 plenius
476 3323 552 3387 quim
563 3323 637 3374 antei
647 3334 673 3371 et
684 3320 796 3385 uberius.
808 3321 874 3368 Nam
881 3318 955 3365 divus
965 3316 1022 3361 Au·

107 3404 194 3459 sutas
204 3433 212 3460 ,
231 3400 329 3467 eaput,
344 3411 490 3465 equestres,
507 3401 552 3464 qui
571 3393 871 3514 AEqyptopresideplenfit,
888 3392 943 3452 iege
963 3387 1018 3452 egi.
