2234 3817
287 212 291 216 .
357 150 533 236 ar'arnluir
557 176 705 239 ennom..¹
753 218 761 229 ,
790 223 797 229 ..
831 226 838 236 u
897 228 900 231 1
927 166 970 214 ιὀι

55 267 126 320 belli
136 260 252 315 Sacrovir
264 257 310 308 ‹liu
322 252 496 330 dissimulqtus
505 266 518 316 ,'
526 235 827 335 rictorlaperaiariliqm
833 248 940 322 sedda,
950 269 977 305 et

63 358 129 391 uxor
142 338 212 388 Sosia
223 352 239 383 u
256 331 429 396 arguebantur
441 346 447 377 ε
458 328 507 378 iseo
522 323 600 378 dubie
613 316 811 395 'repetundarum
828 331 976 379 criminibus
1042 350 1049 354 ·

60 414 190 465 herebant
201 429 207 458 :
218 406 264 457 sed
274 415 367 453 cuncta
378 404 515 467 quaestione
525 402 664 465 majestatis
674 406 783 454 exercita
791 439 799 468 ‚
808 416 835 454 et
843 404 918 453 Silius
927 406 977 452 im·
1001 423 1005 429 ·

61 490 203 539 minentem
215 477 406 530 damnationem
417 477 563 523 voluntario
572 476 620 523 fine
629 479 766 541 praevertit.

95 560 161 611 XX.
180 556 315 607 Saritium
329 551 455 599 tamenin
468 552 554 607 bona,
570 567 621 598 non
634 563 662 600 nt
679 551 848 614 stipendiariis
865 555 977 619 pecnnia

64 636 247 686 redderentur,
265 641 375 690 quorum
386 628 469 670 'nemo
488 625 637 688 repetebat:
651 622 696 671 sed
711 626 849 673 liberalitas
867 626 978 689 Angnsrl

66 709 171 760 avulsa,
185 701 337 766 computatis
361 696 509 759 singillatim
527 712 581 760 que
595 697 655 751 fisco
672 699 838 760 petebantur:
849 717 876 754 ea
893 702 977 765 prima

66 780 175 829 Tiberio
185 792 245 838 erga
253 772 386 838 pecuniam
401 769 508 817 alienam
529 769 657 834 diligentia
669 768 726 819 luit.
737 772 808 820 Sosia
822 774 847 820 in
860 775 977 824 exsilium

70 853 182 922 pellitur
193 848 272 898 Asinii
280 844 347 893 Galli
356 840 482 890 aaronita
490 843 553 904 ,qni
566 854 689 906 upartem
702 844 828 892 bonorum
840 848 978 911 publican-

69 929 130 976 dam
140 960 147 981 ,
158 938 219 988 pars
228 931 257 967 nt
265 917 349 965 liberis
358 914 545 977 relinqueretur
553 931 568 961 n
579 927 731 971 ,censuerat
741 934 746 963 z
758 916 847 965 contri
856 919 892 966 M.
901 920 988 983 Lepi-l

67 997 114 1046 dns
135 1003 276 1058 «quartam
295 982 502 1044 accusatoribus,
520 986 661 1035 secundnm
678 988 979 1054 necessitudinemlegis,

67 1084 148 1119 cetera
167 1068 277 1116 liberisn
289 1064 425 1111 concessit.
444 1061 520 1109 Hunc
532 1075 581 1125 ego
592 1059 734 1124 Lepidum,
748 1063 903 1128 temporibus
913 1064 979 1120 illis,

69 1159 170 1209 gravem
182 1151 208 1188 et
220 1139 360 1208 sapientem
378 1131 560 1183 virum'fuisse
576 1135 715 1198 comperio.
730 1136 794 1183 Nam
812 1137 929 1201 pleraque
946 1136 979 1183 ab

70 1217 140 1266 seris
154 1211 343 1262 adulationibus
356 1210 465 1256 aliorum
478 1208 609 1256 inntelius
619 1210 689 1256 flexit
699 1225 705 1254 :
716 1224 797 1273 neque
809 1221 894 1257 tamen
907 1222 979 1271 tem-

71 1287 212 1354 peramenti
222 1285 320 1349 egebat,
327 1298 405 1346 quum
416 1281 532 1344 aquatili
542 1278 723 1331 auctoritateret
736 1284 811 1347 gratii
824 1283 892 1348 apud
899 1285 979 1332 Tibe*

74 1363 145 1411 rium
162 1361 279 1422 viguerit.
289 1356 362 1404 Unde
374 1356 489 1404 dubitare
507 1356 667 1418 cogor·‚1lato
682 1367 709 1403 et
724 1357 936 1418 sortenasoendi,
948 1368 979 1405 ut

70 1444 171 1488 cetera,
187 1434 221 1480 ita
239 1432 385 1496 principum
397 1428 529 1477 inclinatio
541 1430 566 1477 in
579 1428 640 1487 hos,
658 1427 762 1476 offensio
773 1422 806 1477 inx
816 1431 872 1478 illos
882 1447 887 1478 :
899 1447 930 1477 an
946 1432 980 1479 sit

69 1505 170 1572 aliquid
189 1507 215 1553 in
233 1504 323 1569 nostris?
339 1502 463 1562 consiliis,
480 1501 606 1565 liceatque
618 1501 690 1549 inter,
697 1502 830 1567 abruptam
844 1514 979 1556 coutuma-

66 1586 134 1630 ciam
147 1617 154 1640 ‚
165 1591 191 1627 et
203 1576 314 1626 deforme
326 1577 488 1640 obsequium,
501 1592 607 1640 pergere
617 1578 665 1624 iter
674 1576 812 1623 ambitione
823 1595 851 1625 ac
859 1578 978 1642 periculis

70 1670 194 1705 vacuum·
210 1652 247 1702 At
258 1648 414 1699 Messallinus
427 1650 501 1697 Cotta
514 1649 581 1696 baud
591 1650 675 1698 minus
684 1650 757 1697 claris
769 1653 918 1712 majoribus,
933 1648 978 1696 scd

70 1732 155 1778 animo
166 1727 297 1786 diversus,
310 1722 414 1770 censuit*
422 1740 436 1767 u
447 1720 588 1769 cavendum
600 1724 830 1778 senatusconsulto,
850 1735 878 1770 ut
893 1739 979 1786 quau-

13 1845 16 1851 .
68 1819 142 1867 quarn
161 1802 279 1848 insontes
293 1795 455 1859 magistratus
465 1829 471 1849 ,
483 1805 508 1841 et
520 1794 600 1860 eulpa
611 1796 696 1843 aliene
707 1796 800 1852 nescii,
811 1795 978 1860 provinciali·

69 1877 115 1926 bns
124 1888 234 1923 ntorum
246 1868 414 1921 criminibus,
425 1866 529 1932 perinde
541 1867 618 1930 quim
628 1869 680 1917 suis
693 1869 895 1934 plecterentur».

73 1982 77 1988 .
103 1948 176 1998 xxi.
193 1946 287 1994 Actum
298 1940 391 1997 debinc
402 1939 432 1990 de
442 1940 579 2006 Calpurnio
588 1942 693 2003 Pisone,
702 1941 818 1990 nohiliac
826 1940 904 1989 leroci
913 1941 981 1991 virt).¹

68 2020 97 2076 Is
107 2030 232 2082 namque,
244 2013 371 2072 utretnli,
385 2033 399 2063 u
410 2030 576 2069 cessurumse
588 2016 651 2062 urbe
661 2017 694 2062 ob
709 2015 830 2061 factiones
844 2028 979 2065 accusato·

67 2110 127 2145 rum
138 2110 155 2143 r
161 2129 170 2156 ,
186 2092 212 2140 in
229 2088 513 2138 tenatu‘clsmitarerat:
526 2101 552 2138 et
560 2089 645 2154 spreta
658 2086 772 2153 potentii
782 2086 914 2151 Augusta,
922 2096 979 2136 tra·

67 2170 131 2219 here
150 2171 177 2215 in
196 2165 237 2227 ias
253 2162 428 2227 Urgulaniam,
447 2163 574 2228 domoque
591 2166 712 2230 principis
729 2163 810 2211 excire
826 2179 899 2211 ausus
915 2177 978 2213 erat.

69 2243 136 2307 Qun
153 2241 180 2287 iu
193 2253 298 2304 praesens
314 2237 429 2286 Tiberius
443 2239 554 2287 civiliter
572 2239 661 2288 babuit
675 2238 776 2286 :sedin
791 2239 875 2285 animo
890 2239 991 2287 revel-1

70 2326 148 2365 rente
158 2315 221 2374 iras,
234 2313 308 2360 etiam
318 2313 339 2359 si
352 2313 461 2376 impetus
470 2311 614 2362 offensionis
624 2315 766 2377 languerat,
777 2314 899 2361 memoria
911 2313 980 2361 rale-

72 2389 124 2437 bat.
141 2386 258 2436 Pisonem
275 2386 308 2449 Q.
322 2384 432 2434 Granius
449 2388 539 2435 secreti
551 2389 674 2436 sermonis
687 2388 826 2444 incusavit,
844 2387 979 2436 adversum

72 2462 228 2525 majestatem
247 2458 329 2510 babiti
346 2477 353 2506 ε
369 2458 510 2524 adiecitque
527 2480 541 2510 tt
556 2462 583 2510 in
600 2462 676 2511 domo
692 2462 745 2524 ejus
765 2478 891 2510 venenum
908 2478 977 2518 esse,

71 2552 176 2599 eumque
185 2533 281 2598 ,gladio
300 2534 441 2583 accinctum
455 2535 559 2584 introire
574 2537 692 2600 curiam»
705 2553 710 2580 z
725 2536 809 2596 quod,
826 2547 855 2583 ut
866 2537 979 2582 atrocius

71 2625 149 2667 vero,
163 2607 309 2655 tremissum
322 2624 328 2654 z
341 2619 499 2665 ceterorum,
512 2624 566 2671 quae
578 2609 657 2654 multa
668 2607 877 2668 cumulabantur,
887 2625 979 2673 recep-

69 2692 113 2729 tus
125 2692 166 2728 est
178 2693 254 2738 reus3
266 2695 346 2741 neque
355 2692 485 2746 peractus,
494 2684 527 2730 ob
539 2690 648 2729 mortem
664 2690 842 2743 opportunam,
859 2683 980 2731 Relatum

71 2765 100 2800 et
113 2752 147 2800 ds
164 2751 253 2799 Cassio
268 2751 358 2801 Severo
368 2756 469 2816 exsule,
481 2757 524 2818 qni
534 2752 641 2803 sordide
652 2752 769 2815 originis,
781 2755 896 2803 malefica
906 2759 962 2804 vitre
974 2790 981 2812 ,

69 2826 117 2876 sed
133 2822 225 2873 orandi
241 2821 349 2882 validus,
364 2842 412 2892 per
425 2824 574 2877 immodicas
586 2826 743 2883 iuimicitias,
757 2838 785 2874 ut
797 2828 890 2889 judicio
904 2830 980 2891 iurati

71 2895 178 2948 senatus
198 2895 298 2945 Cretam
313 2911 490 2958 amoveretur,
508 2896 638 2947 effecerat:
652 2899 795 2962 atqueillic
809 2901 895 2949 eadem
913 2904 981 2949 aeti·
1050 2913 1052 2916 ’

67 2971 146 3021 tando
154 3007 161 3030 ,
170 2968 286 3017 recentia
298 2981 433 3033 veteraque
443 2969 501 3018 odia
509 2968 632 3032 advertit3
643 2973 764 3036 bonisque
775 2985 892 3040 assutus,
904 2977 981 3025 inter·

70 3047 138 3104 dicto
152 3045 204 3108 igni
215 3054 290 3106 atque
301 3045 381 3109 aquai,
393 3062 453 3094 saxo
464 3043 580 3109 Seriphio
591 3049 733 3095 consenuit.
753 3055 756 3059 ’
879 3052 883 3059 ’

101 3116 189 3169 ΧΧΠ.
208 3116 352 3167 Periclem·
365 3132 467 3182 tempus
484 3118 598 3171 Plautius
615 3115 733 3173 Silvanus
751 3134 856 3185 prator,
878 3123 982 3172 incertis

67 3194 168 3253 causis,
181 3192 324 3256 Aproniam
337 3193 472 3256 coniugem
484 3193 509 3240 in
520 3208 629 3259 praeceps
640 3193 713 3259 jeci13
725 3204 869 3259 tractusque
881 3198 912 3244 ad
924 3199 982 3244 ea-

66 3280 150 3315 esi-em
162 3263 194 3311 sb
204 3264 235 3310 L.
249 3262 368 3328 Apronio
380 3278 482 3317 socero,
494 3265 598 3312 turbata
610 3277 694 3313 mente
704 3267 850 3330 respondit,
863 3281 982 3332 tanquam

69 3337 149 3401 aipse
166 3349 262 3385 somno
276 3338 378 3399 gravis,
396 3347 469 3398 atque
481 3335 513 3387 ei)
528 3338 641 3401 ignarus,
657 3349 683 3386 et
697 3355 760 3386 uxor
770 3340 858 3404 spont'e
873 3352 986 3391 mortcm'

61 3409 258 3484 sumpsittelnrg
276 3409 338 3463 Non
351 3419 502 3489 cuntleulel
513 3410 631 3465 Tiberius
646 3412 729 3479 pergit
744 3413 775 3482 iu⁴
789 3412 984 3475 aloinumrrisit
