2234 3817
154 62 205 116 loo
466 81 491 118 ο.
511 79 610 120 cons.
630 66 745 118 ntorrr
818 52 821 53 ⁷
886 108 892 115 ,

150 156 263 244 ricinum
282 159 436 229 occupatlre
444 197 453 229 ,
474 159 603 213 moenibus
623 159 726 230 situque
742 163 836 231 magis,
852 160 928 230 quim
942 160 1043 233 ipsorum

149 244 272 312 ingenio,
286 246 378 287 tutam.

183 338 277 390 LVIII.
291 340 352 402 Qua
363 341 408 391 ubi
418 340 526 393 Vitellio
538 342 649 409 cogniti,
663 354 736 409 parte
746 344 879 410 copiarum
890 343 990 396 Narnia
997 361 1046 395 eunt

148 410 273 476 praelectis
285 416 395 480 pretorii
408 416 510 478 relicti,
525 416 557 467 L.
569 418 704 468 Vitellium
715 416 816 467 lrstrern
826 454 834 479 ,
843 436 903 468 cum
913 436 957 468 sex
965 418 1046 468 cobor-

148 485 218 535 tibus
227 498 251 538 et
258 490 401 554 quingentis
409 490 552 556 equitibus,
565 491 693 557 ingruenti
701 507 747 557 per
759 491 924 558 Campaniam
936 491 999 540 bello
1007 498 1047 558 opi

148 561 246 625 posuit.
254 563 310 627 lpse
323 577 386 628 eger
398 564 489 626 animi,
503 558 596 615 studiis
608 560 739 622 rnilitum,
754 575 780 614 et
790 565 946 615 clamoribus
956 564 1047 631 populi,

149 647 219 681 arma
230 637 357 700 poscentis
366 664 378 696 ,·
389 637 569 688 refovebatur:
583 637 646 687 dum
658 639 749 704 vulgus
759 639 897 704 ignavum,
910 650 935 688 et
944 637 1002 686 nibil
1012 637 1046 685 ul·

148 716 186 754 tra
199 709 275 757 verba
287 726 423 771 ausurum,
434 712 495 763 salsi
505 714 604 780 specie,
618 716 765 767 exercitum
773 708 799 763 et
810 714 932 786 legiones
940 712 1044 780 appellat.

145 777 313 838 Hortantibus
323 785 422 835 libertis
429 785 501 852 (nam
511 788 653 837 amicorum
662 788 716 853 ejus
724 794 820 852 quanto
830 790 891 853 quis
898 784 1045 841 clarior,mi·

146 849 195 902 ntis
203 853 384 921 fidus)vocori
394 860 481 913 tribus
488 861 568 925 jubet.
578 861 672 912 Dentes
681 862 787 911 nomina
798 871 955 913 armamento
963 857 1045 923 adigit:

146 930 316 991 superfluente
331 931 512 994 multitudine,
530 950 616 984 curam
633 933 749 985 delectis
763 936 790 983 in
806 935 927 986 consules
941 932 1047 999 partitur.

147 999 286 1052 Servorum
295 1019 432 1054 numerum
438 1043 446 1067 ,
453 1017 480 1055 et
489 1006 590 1073 pondus
599 1008 697 1073 argenti
705 1009 869 1059 senatoribus
876 1005 973 1058 indicit.
979 1000 1046 1066 Equi·

146 1082 189 1122 tes
206 1076 316 1125 Rotnani
334 1077 450 1128 obtulere
467 1099 579 1151 operam
598 1083 814 1152 pecuniamque,
835 1082 916 1131 etiam
935 1076 1047 1130 libertinis

143 1146 212 1197 idem
234 1167 332 1200 rnunus·
348 1153 417 1203 ultro
436 1155 617 1221 flagitantibus.
640 1157 677 1204 Ea
692 1156 822 1205 simulatio
836 1156 934 1216 officii,
952 1151 966 1201 i
986 1154 1045 1199 mett

143 1222 270 1287 prolecta,
280 1216 397 1274 ¹terserat
413 1227 439 1275 iu
455 1227 581 1310 levorem,
593 1230 626 1278 Et
639 1229 756 1296 plerique
769 1227 838 1279 baud
853 1226 959 1296 perinde
969 1222 1046 1272 Vitel-

143 1293 223 1360 lium,
236 1297 311 1362 quim
322 1312 408 1348 casum
417 1301 552 1369 locumque
563 1303 722 1370 principattis
732 1298 917 1354 miserabantur
926 1319 931 1351 ε
941 1314 987 1349 nec
997 1294 1046 1345 dee·

143 1380 184 1419 rat
195 1373 263 1441 ipss,
276 1373 364 1431 vultu,
382 1391 458 1441 voce,
479 1377 613 1446 lacrymis,
632 1379 835 1428 misericordiam
850 1380 956 1435 elicere,
973 1373 1045 1435 largus

142 1445 286 1507 promissis,
299 1458 341 1507 et,
356 1465 410 1511 que
423 1461 514 1502 natura
529 1446 717 1518 trepidantium
735 1463 790 1510 est,
804 1451 968 1502 immodicus,
984 1443 1045 1509 Qui!

144 1526 171 1565 ct
187 1518 322 1572 Coesarem
334 1537 360 1568 se
375 1519 428 1570 clici
440 1523 537 1584 voluit,
550 1524 716 1590 adspernatus
725 1537 813 1574 antea:
826 1523 871 1573 sed
883 1536 958 1580 tunc,
972 1530 1044 1582 snper·

143 1592 248 1643 stitione
261 1595 388 1652 nominis,
405 1607 430 1644 et
445 1598 502 1659 quja
519 1599 546 1644 in
560 1609 631 1647 metu
648 1601 754 1647 consilia
766 1598 931 1663 prudentium
942 1606 969 1642 et
982 1586 1044 1650 vulgi

142 1681 232 1715 rumor
247 1667 317 1732 juxti
330 1669 473 1719 audiuntur.
490 1668 621 1727 Ceterltm,
642 1680 671 1714 ut
689 1671 777 1717 omnia
792 1668 932 1717 inconsulti
944 1658 1046 1729 impetis

144 1752 239 1806 coeptu,
250 1744 329 1794 initiis
340 1740 434 1803 valida,
448 1742 528 1809 spatio
544 1741 728 1807 languescunt,
746 1741 823 1788 dilabi
836 1740 960 1805 paulatim
977 1748 1045 1783 sena·

143 1826 221 1878 tores,
231 1820 392 1884 equitesque,
401 1817 486 1885 primis
493 1828 656 1876 cunctanter,
668 1815 748 1864 stubi
758 1817 809 1880 ipse
817 1831 868 1864 non
878 1811 981 1869 aderat,
990 1820 1046 1855 mot

144 1894 329 1960 contemptim,
344 1904 369 1941 et
383 1893 445 1942 sine·
455 1891 618 1951 discrimine,
635 1890 718 1940 donec
729 1888 863 1948 Vitellius,
875 1885 974 1954 pudore
989 1876 1045 1930 irriti

143 1965 263 2030 conatus,
277 1982 332 2034 qna
340 1983 394 2015 non
405 1964 547 2024 dabantur,
558 1965 670 2016 remisit.

176 2074 245 2124 LIX.
258 2074 295 2124 Ut
306 2086 431 2124 terrorem
442 2074 521 2124 Italia
527 2087 648 2141 possessa
665 2070 782 2122 Mevania
792 2106 799 2129 ,
810 2086 839 2119 ac
850 2068 923 2135 velut
936 2070 1040 2113 rentium

89 2172 91 2175 ·
143 2164 175 2197 ex
187 2148 284 2213 integro
301 2146 417 2207 bellum,
435 2146 572 2210 intulerat3
591 2145 625 2194 ita
645 2145 713 2195 baud
727 2144 833 2195 dubium
847 2158 906 2208 erga
917 2134 1037 2187 Flavium!

143 2235 228 2290 partes
245 2221 355 2270 studium
373 2231 427 2267 tam
440 2220 664 2286 pavidusVitellii
682 2223 807 2272 discessus
817 2218 932 2270 addidit:
948 2218 1033 2293 erectus

142 2296 254 2351 Samnis,
275 2293 458 2356 Pelignusque,
480 2305 508 2342 et
524 2295 620 2355 Marsi,
637 2298 810 2356 aemulatione,
830 2292 902 2360 quiid
918 2291 1035 2351 campum

141 2365 314 2433 praevenisset,
326 2373 354 2411 ut
368 2365 393 2410 in
409 2381 478 2413 noto
491 2366 615 2428 obsequio
628 2405 633 2419 .
652 2369 685 2417 ad
697 2382 791 2417 cuneta
807 2369 871 2416 belli
889 2362 972 2416 munia
981 2366 1037 2406 acrtt

139 2447 219 2487 erant.
228 2428 277 2484 'Sed
287 2431 351 2483 leodi
360 2434 461 2495 bieme,
470 2452 514 2501 per
523 2438 661 2485 transitum
673 2439 801 2502 Apennini
809 2439 969 2488 conflictatus
977 2441 1038 2478 exer·

147 2512 211 2561 citus
221 2524 227 2560 ε
238 2522 265 2560 et
276 2510 321 2559 vix
334 2509 421 2575 quieto
430 2508 531 2575 agmine
544 2509 615 2557 nives
626 2510 815 2573 diffitentibus,
828 2515 917 2578 patuit
932 2511 1035 2574 quntum

95 2580 97 2583 ’
131 2585 297 2637 ‘discriminis
307 2583 452 2635 adeundum
463 2584 528 2634 leret
535 2621 543 2646 ,
550 2586 722 2637 niVitelliurn
729 2587 798 2637 retrb
809 2587 914 2639 lortuna
925 2580 1044 2655 restincti

144 2676 199 2725 qua
209 2658 340 2710 Flavianis
351 2658 457 2709 ducibus
469 2674 520 2707 uon
535 2655 621 2707 minsis
633 2659 710 2726 sape,
723 2659 799 2725 quim
813 2661 882 2710 ratio
891 2655 976 2710 adluit·
987 2646 1034 2731 Ol·

71 2796 75 2799 7
144 2733 280 2784 viumillic
291 2735 421 2784 Petillium
438 2734 562 2783 Cerialem
577 2730 703 2794 babudre,
716 2735 806 2799 agresti
819 2735 904 2793 cultu,
920 2740 944 2777 et
957 2712 1033 2804 nottttl¹

144 2806 261 2864 locorum
280 2807 410 2858 custodias
422 2806 521 2859 Vitellii
540 2807 662 2872 elapsum.
679 2807 823 2873 Propinqua
839 2807 939 2856 affinius
954 2787 1034 2846 Ceriali

144 2893 204 2929 cum
217 2881 390 2948 Vespasiano,
404 2897 451 2929 nec
465 2882 517 2947 ipse
536 2880 659 2946 inglorius
672 2880 782 2943 militi23
798 2879 875 2944 eoque
888 2877 950 2924 inter
965 2866 1035 2948 ducet

146 2963 291 3016 assumptus
307 2966 356 3004 est.
367 2952 482 3005 *artasio
496 2969 597 3021 quoque
609 2951 718 3012 Sabino,
733 2970 762 3001 ac
781 2951 920 3002 Domitiano
932 2947 1033 3011 patuisse

90 3052 92 3054 ·
145 3021 265 3089 effugium
274 3044 304 3087 u,
316 3029 392 3077 multi
401 3028 535 3079 tradidere.
547 3029 579 3077 Et
587 3028 660 3078 missi
671 3028 702 3078 ab
714 3027 825 3079 Antonio
836 3022 929 3081 nuntii,
939 3029 983 3084 pet·
993 3025 1032 3058 Vl·

146 3096 197 3145 rias
213 3095 315 3148 fallendi
331 3114 397 3151 artes
415 3103 597 3169 penetrabant,
611 3119 628 3151 u
638 3102 723 3152 locum
743 3119 771 3152 nc
780 3095 942 3166 presidium»
955 3096 1032 3136 ΜΝ·

146 3181 251 3219 trantes.
267 3170 376 3224 Sabinus
397 3194 412 3225 t<
424 3176 559 3227 inhabilem
581 3176 663 3224 labori
679 3186 705 3223 et
721 3173 827 3222 audacia
844 3165 1003 3220 valetudinem
1010 3168 1028 3237 't

145 3245 309 3293 causabatur:
322 3247 467 3299 Domitiano
481 3249 567 3297 aderat
584 3250 701 3297 animus:
720 3247 764 3296 sed
776 3244 892 3295 custodes
909 3241 922 3290 'a
941 3228 1029 3315 Vllfllf⁰

144 3314 240 3379 additi,
260 3334 404 3383 quanquam
419 3337 447 3372 se
459 3321 632 3389 sociussugoe
644 3321 839 3388 promitterent,
852 3325 962 3383 tauquam
974 3314 1040 3361 ¹⁰⁵⁸<
