2234 3817
329 177 569 240 nrsrorssttrar
591 184 739 224 nas.rrr.-
807 204 812 209 ·
933 181 983 253 4⁰9

70 264 230 330 hortosque,
246 274 272 314 et
284 263 409 316 anfractus
423 264 540 331 riarum,
555 270 610 331 quat
621 283 697 334 gnara
710 267 866 334 Vitellianis,
881 272 984 326 incom-

69 351 147 407 perta
163 339 297 403 hostibus,
320 353 418 392 metum
436 338 566 389 fecerant:
579 357 660 406 neque
675 344 759 394 omnis
772 361 848 410 eques
864 366 985 414 concors,

72 411 203 477 adjunctis
213 413 380 478 quibusdam,
392 411 436 476 qui
449 429 531 480 nuper
539 413 607 479 apud
618 415 740 465 Narniam
749 416 844 481 dediti,
854 417 984 473 fortunam

70 488 187 554 partium
197 488 394 553 speculabantur
404 502 410 532 z
424 487 522 552 capitur
531 485 663 554 praelectus
671 490 715 539 ale
724 490 823 540 Tullius
833 492 982 545 flavianus:

71 561 156 623 ceteri
173 559 239 607 toede
252 556 312 624 lugd
326 567 537 620 consternantur,
546 576 603 609 ,non
618 561 686 611 ultra
697 560 805 613 Fidenas
820 568 912 617 secutis
926 570 986 621 rica·

71 630 184 684 tolihua.
505 667 510 671 .

106 705 218 755 LXXX.
235 705 282 775 Eo*
293 721 410 755 successu
430 707 513 758 studia
534 710 626 778 populi
645 721 735 760 aucta:
749 712 839 780 vulgus
857 716 985 768 urbanum

65 794 144 831 arma
164 778 244 846 cepit.
260 781 351 831 Paucis
368 792 439 830 scuta
457 779 590 841 militaria,
602 784 688 850 plures
699 786 793 852 raptis,
811 788 880 852 quod
893 791 986 857 cuique

71 853 179 903 nbrium
189 887 198 913 ,
210 851 283 910 telis,
294 858 405 925 sigysum
412 873 515 925 pugnoe
525 869 676 923 exposcunt.
684 856 746 924 Agit
754 871 838 926 grates
847 862 984 927 Vitellius,

70 928 147 978 etad
159 926 290 978 tuendam
306 930 396 981 urbem
411 948 581 996 prorumpere
593 930 673 996 jubet.
689 933 750 983 Mox
766 945 857 984 vocato
874 948 981 1000 senatu,

72 999 222 1065 deliguntur
239 1000 317 1066 legati
336 1002 368 1050 ad
384 1005 523 1064 exercitos,
534 1015 565 1055 ut
580 1015 703 1072 praetexte
715 1007 859 1073 reipublice
872 1024 985 1061 eoncor-

71 1072 142 1122 diam
151 1088 291 1139 pacemque
301 1075 444 1129 suaderent.
455 1077 533 1129 Varia
543 1079 686 1146 legaturum
696 1095 750 1132 sors
760 1080 818 1131 luit.
829 1083 882 1154 Qui
892 1084 986 1134 Petilio
1008 1140 1011 1143 x

71 1146 169 1196 Ceriali
180 1160 360 1208 occurrerant,
377 1161 521 1200 extremum
536 1151 686 1201 discrimem
701 1152 800 1215 adiere,
818 1155 987 1222 adspernants

71 1219 155 1269 milite
163 1219 322 1272 conditiones
331 1225 401 1290 pacis
412 1243 418 1273 z
430 1227 580 1279 vulneratur
588 1239 681 1295 praetor
690 1263 696 1283 ,
705 1218 982 1281 Arulenus'tsuuicus:

75 1292 150 1341 auxit
159 1294 281 1345 invidiam
291 1335 300 1359 ,
314 1314 390 1365 anper
402 1299 525 1349 violatum
534 1300 611 1368 legati
621 1305 786 1370 praetorisque
801 1321 908 1365 nomen,
923 1321 988 1371 pro·

73 1366 133 1434 pria
144 1364 254 1432 dignatio
266 1369 314 1420 viri
327 1389 334 1421 ι
348 1372 465 1438 palantur
475 1376 582 1425 comites
596 1395 602 1425 :
616 1376 740 1426 occiditur
753 1377 885 1444 proximus
893 1378 988 1445 lictor}

10 1468 11 1493 r
74 1439 202 1491 dimovere
220 1443 322 1492 turbam
342 1461 430 1511 ausus,
448 1446 490 1508 et,
510 1449 538 1497 ni
557 1449 617 1499 dato
635 1449 649 1498 l
668 1450 731 1499 duce
752 1450 869 1517 praesidio
886 1450 985 1502 defensi

10 1546 11 1585 ς
72 1513 172 1574 forent,
189 1533 288 1565 sacrum
308 1519 385 1591 etiam
404 1520 470 1569 inter
484 1532 584 1570 exteras
596 1534 684 1587 gentes
698 1523 842 1588 legatorum
856 1525 911 1589 jus,
923 1535 985 1574 ante

10 1618 12 1643 r
32 1594 41 1603 “
73 1592 130 1659 ipsa
143 1595 228 1658 patrias
246 1595 352 1657 moenia,
373 1595 455 1644 civilis
471 1596 555 1646 rabies
573 1614 651 1662 usqne
668 1598 693 1646 in
709 1599 814 1647 esitium
826 1611 984 1649 temerasset.

72 1667 235 1734 AEquioribus
245 1668 336 1717 animis
347 1669 443 1737 accepti
453 1683 521 1734 aunt,
531 1672 576 1736 qui
586 1671 618 1720 ad
626 1671 770 1722 Antonium
779 1686 903 1723 venerant
913 1691 919 1722 :
930 1690 984 1723 non

10 1768 15 1801 r
71 1744 130 1810 quia
140 1741 282 1792 modestior
294 1742 383 1807 miles,
395 1742 440 1793 sed
452 1742 511 1792 duci
523 1747 582 1810 plus
597 1747 765 1795 auctoritatis.
801 1768 802 1771 ¹

10 1804 13 1868 i
101 1815 226 1898 prlxl.
244 1816 381 1865 Miscuerat
397 1833 423 1865 se
440 1817 529 1878 legatis
542 1817 677 1863 Musonius
688 1817 785 1874 Rufus,
796 1820 923 1881 equestris
935 1834 987 1868 ord

14 1912 16 1919 ι
71 1886 155 1949 dinis,
176 1887 289 1936 studium
308 1884 493 1954 philosophia,
514 1894 541 1933 et
559 1887 653 1951 placita
671 1886 816 1938 Stoicorum
835 1891 982 1940 aemulatus:

72 1961 262 2028 coeptabatque,
275 1961 415 2028 permistus
426 1957 579 2025 manipulis,
591 1960 753 2022 bonosiacis
762 1978 797 2009 ac
807 1960 875 2013 beiti
885 1964 983 2015 discri-

11 2060 12 2073 π
72 2036 154 2086 mina
164 2031 293 2093 disserena,
305 2043 417 2083 armatos
426 2047 542 2082 mouere.
553 2031 585 2081 Id
594 2032 721 2098 plerisque
732 2031 853 2092 ludibrio,
862 2035 984 2100 pluribus

72 2107 168 2159 tedio:
181 2123 226 2156 nec
245 2106 361 2168 deerant,
376 2107 418 2171 qui
433 2104 607 2173 propellerent
619 2107 863 2171 proculcarentque,
877 2109 920 2169 ni,
933 2109 983 2159 ad·

60 2206 62 2215 =
73 2181 177 2231 monitu
188 2182 368 2232 modestissimi
379 2181 517 2245 cuiusque,
535 2193 563 2229 ct
576 2181 634 2229 aliis
651 2180 845 2240 minitantibus,
855 2184 983 2233 omisisset

55 2284 59 2292 ·
75 2255 282 2321 intempestivam
294 2255 453 2322 sapientiam.
465 2254 553 2302 Obriae
562 2253 631 2303 fuere
642 2265 668 2302 et
678 2252 788 2320 virgines
798 2254 914 2306 Vestales
923 2273 983 2308 cum

74 2329 192 2396 epistolis
205 2328 317 2387 Vitellii,
332 2328 364 2377 ad
374 2326 515 2378 Antonium
524 2330 626 2394 scriptia
639 2345 646 2376 τ
658 2329 756 2378 «eximi
768 2344 887 2395 supremo
895 2341 983 2381 certa-'

68 2404 132 2454 mini
141 2418 219 2454 unam
229 2403 297 2451 diem
305 2421 320 2452 s
327 2402 491 2469 postulabat.-
504 2420 519 2451 (ι
526 2404 547 2450 si
557 2419 656 2452 moram
666 2403 850 2466 interjecissent
860 2441 867 2462 ,
880 2403 984 2459 facilius

72 2479 158 2529 omnia
169 2490 324 2528 conventura
333 2493 358 2529 n.
369 2477 487 2543 Virgines
496 2494 555 2525 cum
566 2479 663 2527 honore
673 2477 782 2526 dimissae
792 2493 799 2524 :
808 2477 916 2527 Vitellio
926 2497 981 2529 res.

70 2552 197 2619 criptum,
222 2551 333 2601 «Sabini
349 2550 429 2610 caede,
453 2560 480 2600 et
497 2550 615 2600 incendio
636 2551 757 2618 Capitolii
775 2548 902 2618 dirempta
920 2551 983 2603 belli

69 2622 258 2675 commercian.

108 2694 249 2747 Lxxxn.
266 2692 385 2746 Tentarit
395 2708 480 2747 tamen
491 2697 620 2747 Antonius
629 2687 733 2743 vocatas
742 2691 774 2741 ad
782 2695 930 2745 concionem
938 2694 981 2745 le-

69 2773 163 2840 giones
176 2770 308 2836 mitigare,
326 2783 393 2829 unt,
411 2773 499 2821 castris
521 2772 592 2835 juxta
611 2780 717 2835 pontem
735 2768 862 2818 Mulvium
877 2770 981 2836 positia,

71 2844 175 2916 posteri
183 2843 224 2893 die
235 2845 324 2894 urbem
335 2846 526 2912 ingrederentur
533 2860 559 2894 n.
572 2844 648 2892 llario
655 2840 800 2901 cunctandi,
810 2858 842 2889 ne
851 2854 981 2908 asperatus
1054 2900 1058 2909 ¹

72 2921 162 2987 prelio
175 2920 261 2981 miles,
274 2938 329 2969 nou
346 2920 455 2987 populo,
467 2937 520 2970 non
530 2918 641 2977 senatui,
655 2932 687 2965 ne
704 2916 806 2981 templis
817 2915 935 2982 quidem,
950 2934 980 2967 ac

71 2994 185 3044 delubris
202 2993 309 3043 deorum
327 2995 481 3045 consuleret.
501 2992 550 3042 Sed
569 3008 672 3043 omnem
688 2991 866 3057 prolationem,
884 3002 913 3041 ut
927 2992 981 3042 ini·

71 3067 164 3115 micam
176 3066 300 3127 victorin,
314 3068 501 3133 suspectabaut.
511 3067 592 3115 Simul
603 3066 724 3130 irrlgectia
734 3079 778 3130 per
790 3064 868 3133 colles
876 3065 980 3133 rexilla,

71 3152 216 3204 quanquam
226 3142 337 3189 imbellis
346 3144 457 3206 populns
466 3150 621 3204 sequeretur,
631 3139 740 3203 speciem
747 3135 848 3186 hostilia
856 3135 980 3186 exercitiis

70 3211 194 3265 fecerant.
214 3214 355 3280 Tripartiro
376 3215 488 3278 agmine,
508 3230 579 3278 pars,
593 3224 622 3262 ut
634 3211 778 3270 adstiterat,
790 3208 980 3287 Flaminiivi33

70 3302 130 3353 pars
140 3286 212 3347 iuxta
230 3290 314 3354 ripam
328 3288 431 3337 Tiberis
446 3288 560 3354 incessit,
574 3287 675 3337 tertium
684 3300 782 3349 agmen,
794 3299 839 3349 per
850 3283 981 3345 Salariam,

68 3360 176 3409 Collina
190 3373 271 3426 portae
282 3362 481 3430 propinquabat.
493 3361 569 3411 Plebs
579 3362 686 3411 invectis
694 3360 820 3424 equitibus
831 3356 978 3407 resarcires

66 3432 227 3486 Vitellianus
244 3437 320 3489 trinis
335 3448 362 3489 et
379 3439 433 3511 ipse
449 3434 570 3510 praesidiis
584 3435 700 3489 ocerirrit.
716 3432 803 3486 Prelia
815 3441 873 3551 ansts
888 3429 978 3484 urbem
