2234 3817
81 132 157 201 §lt
294 120 303 135 Ι
423 137 462 204 χε.
482 167 576 207 conr.
596 166 714 209 rectu

126 241 216 291 eedem
231 215 394 311 Inguiomeio
410 217 530 315 effigium
548 248 636 299 dedit:
650 252 734 301 ‘ceteri
744 249 838 318 passim
851 252 968 303 trucidati
984 258 1045 308 z'et

123 315 257 382 plerosque
266 330 364 368 tranare
376 322 504 387 Visurgim
513 336 649 382 conantes,
661 324 754 388 injecto
764 327 814 373 tela
824 361 831 384 ,
842 339 886 375 aut
894 330 932 377 ris
940 331 1044 379 flumi-

123 390 164 437 nis
173 426 181 446 ,
191 393 321 455 postremis
335 396 416 444 moles
432 398 580 456 ruentium,
593 411 619 446 et
636 398 776 446 incidentes
787 400 865 464 ripe,
884 403 1009 465 operuere
1030 422 1039 450 :
1116 436 1117 465 ,

124 461 227 525 quidam
239 466 308 529 turpi
319 465 376 531 fugi
395 470 421 516 in
433 470 531 517 summi
543 471 662 519 arborum
677 471 742 529 nisi,
759 473 884 536 tunsisque
897 487 923 520 ee
937 477 1041 522 occul·

125 543 206 584 tantos
217 536 327 587 admotis
337 543 470 605 sagittariis
479 560 524 608 per
536 543 677 591 ludibrium
687 545 841 609 figebantur:
852 546 915 594 alios
920 559 1041 610 proruta

122 609 223 659 arbores
232 613 359 665 adflixere.
369 619 461 684 Magna
472 636 501 667 ea
511 621 631 682 victorie,
643 637 728 685 neque
737 632 840 670 eruenta
849 622 921 669 nobis
929 621 990 672 luit,

154 683 252 735 XVIII.
272 689 367 752 Quinti
377 693 408 742 ab
418 692 481 742 borl
492 694 543 743 diei
552 694 585 742 ad
596 708 696 744 noctem
704 696 760 744 ceti
769 696 862 757 hostes,
874 696 960 744 decem
972 700 1041 747 tuil-

119 754 154 804 tis
167 772 287 820 passuum
299 762 461 815 cadaveribus
480 778 558 831 etque,
574 772 651 815 armis
670 768 822 834 opplevere3
842 771 947 833 repertis
961 772 1041 822 inter

119 829 200 900 spolie
215 848 306 884 eorum
318 839 429 897 catenis,
441 856 503 903 quas
516 841 541 889 in
555 832 699 898 Romanos,
716 851 808 889 utnon
824 841 901 889 dubio
917 856 1011 892 eventu
1025 882 1035 904 ‚
1092 841 1096 850 '

118 914 292 967 portaverant.
301 911 376 961 Miles
388 915 414 961 in
425 914 482 962 loco
497 915 573 980 prelii
585 912 716 961 Tiberium
725 918 914 982 imperatorem
925 915 1038 965 saluta-

119 978 172 1042 rit,
193 986 335 1050 struxitque
351 1004 482 1053 aggerem,
494 1000 519 1037 et
538 992 564 1037 in
575 988 679 1046 modum
695 1000 849 1053 tropaeorum
860 1005 941 1053 arma,
956 991 1033 1038 sub-

120 1055 220 1118 scriptis
229 1059 352 1107 rictarum
362 1064 477 1124 gentium
488 1062 634 1112 nominibus
645 1063 775 1127 imposuit.
913 1111 919 1118 ,

120 1150 124 1158 ·
152 1126 225 1175 XIX.
243 1130 319 1177 Haud
326 1133 433 1194 perinde
445 1135 583 1188 Germanos
588 1137 695 1185 uulnera
705 1171 711 1192 ,
720 1136 821 1195 luctus,
831 1136 941 1193 excidia,
949 1136 1033 1200 quim

119 1210 149 1244 er
159 1198 256 1261 species
270 1201 357 1250 dolore
375 1214 401 1250 et
412 1204 449 1252 itt
465 1205 575 1256 adiecit:
592 1210 637 1271 qui
650 1209 726 1258 modb
740 1209 810 1256 abire
823 1208 940 1267 sedibus,
956 1221 1032 1258 trans

118 1271 206 1322 Albim
221 1274 357 1324 concedere
369 1278 491 1341 parebunt
500 1313 507 1335 ,
517 1296 628 1345 pugnam
640 1284 745 1341 volunt,
755 1287 824 1330 armti
835 1284 951 1348 rapiunt:
965 1283 1031 1346 ple-

118 1342 178 1400 bes,
189 1344 328 1407 primores,
338 1346 470 1412 juventus,
482 1365 569 1410 senes,
581 1353 822 1415 agmenRomanum
830 1354 1031 1418 repenteineur-

119 1426 192 1474 ”ills
204 1417 307 1469 lul'btsst
318 1437 325 1467 :
335 1421 465 1489 postremo
476 1422 591 1490 deligunt
600 1424 702 1481 locum,
714 1425 818 1472 flumine
829 1437 855 1471 st
868 1427 938 1473 silvie
949 1428 1029 1477 clau-s

117 1501 188 1550 sunt,
200 1491 268 1541 arcti
276 1494 455 1559 intusplanitie
463 1533 469 1558 ,
478 1510 505 1547 et
514 1496 618 1547 humide
630 1514 637 1554 ς
648 1497 724 1545 silves
734 1512 834 1561 quoque
845 1496 970 1561 profundo
980 1516 1030 1565 pa·

113 1558 159 1616 lus
166 1564 288 1624 ambibat,
300 1570 348 1618 nisi
359 1571 427 1635 quod
436 1575 503 1622 lotus
513 1589 594 1622 unum
605 1573 750 1638 Angrivarii
761 1575 814 1621 lato
825 1589 914 1637 aggere
923 1576 1029 1624 extule-

118 1644 189 1695 rant,
201 1639 250 1700 qud
261 1638 276 1688 d
289 1639 423 1692 Cheruscis
436 1644 617 1693 dirimerentur
629 1662 636 1693 ι
649 1645 691 1694 bic
701 1645 780 1711 pedes
790 1645 904 1694 adstitit:
913 1648 1029 1710 equitem

118 1711 267 1776 propinquis
274 1713 337 1763 lueis
346 1716 474 1772 texerunt
480 1719 598 1782 ingressis
604 1718 694 1766 silvsrn'
701 1718 844 1782 legionibus
851 1718 865 1767 *a
872 1730 942 1783 tergo
949 1720 1027 1771 foret.

151 1780 211 1832 XX.
229 1783 299 1834 Nibil
309 1803 339 1836 ex
346 1789 474 1840 iisCeeseri
484 1791 641 1854 incognitum
650 1808 656 1838 :
665 1790 787 1852 consilia,
796 1789 880 1850 locos,
890 1802 1024 1856 prompta,

119 1855 218 1903 occulta
228 1874 349 1919 noverat,
365 1859 485 1928 ostiisque
498 1863 614 1913 bostium
632 1865 661 1912 in
672 1864 809 1930 punitione
822 1866 886 1930 ipsis
899 1864 1022 1913 vertebat.

117 1932 175 1979 Scio
184 1932 314 1986 Tuberoni
322 1938 404 2004 legato
414 1940 493 1991 tradit
502 1941 624 2005 equitem,
633 1958 812 2006 campumque:
822 1940 934 2007 peditum
941 1941 1023 1991 aciem

116 2004 153 2056 its
163 2005 294 2069 instruxit,
305 2023 336 2060 ut
347 2028 406 2075 pers¹
413 2030 484 2079 teque
496 2016 522 2063 in
532 2015 624 2063 silvam
633 2014 859 2072 aditu«iuecderet;
870 2030 924 2080 part
933 2014 1025 2089 objec-

115 2091 175 2134 tum
184 2093 300 2146 aggerem
310 2087 447 2136 eniteretur
457 2104 467 2135 r
477 2087 548 2151 quod
560 2088 684 2148 arduum,
695 2087 758 2147 sibi,
769 2100 853 2138 cetere
862 2086 950 2150 legatis
958 2101 1024 2152 per-

118 2154 190 2203 misit
200 2175 207 2205 :
219 2159 312 2220 quibus
325 2162 399 2224 plena
409 2174 558 2219 evenerunt,
572 2162 644 2211 facile
662 2161 776 2228 irrupere
789 2180 796 2210 ι
808 2162 863 2226 quis
875 2163 1025 2228 impugnan-

118 2223 167 2273 dus
174 2242 257 2290 agger,
264 2242 294 2276 ut
303 2232 322 2277 si
333 2247 434 2279 murum
444 2232 741 2298 succederent,grsvibus
747 2236 854 2301 superne
862 2237 954 2285 ictibus
963 2252 1025 2284 con·

118 2294 287 2346 dictabantur.
302 2302 386 2361 §cnut
399 2303 449 2352 dus
468 2306 590 2369 imparem
607 2307 724 2357 cominus
734 2310 1022 2375 pugnarn,remotisque

116 2366 221 2432 paulum
238 2371 393 2435 legionibus,
406 2375 549 2426 funditores
567 2380 750 2447 libratoresqne
776 2394 891 2432 excutere
911 2381 974 2437 tela,
992 2391 1022 2428 et

116 2434 267 2505 proturbare
285 2446 382 2497 bostem
401 2450 487 2513 iubet:
501 2453 582 2501 misse
597 2454 610 2501 ὲ
625 2453 757 2506 tormentis
771 2458 861 2511 hastae.
878 2455 1021 2519 quantoque

117 2505 336 2587 conspicuimegis
345 2530 633 2590 propugnatores,tantb
643 2532 756 2594 pluribus
765 2528 1020 2590 vulneribuedeiecti.

118 2587 218 2639 Primus
230 2594 311 2644 Cesar
324 2612 383 2646 cum
393 2602 517 2664 pretoriis
531 2602 689 2666 cohortibus,
703 2618 777 2669 capto
792 2607 873 2658 vallo.
886 2602 954 2653 dedit
967 2603 1023 2651 im-

117 2675 207 2727 petum
225 2667 252 2716 iu
267 2671 344 2722 silves
360 2690 365 2721 :
382 2674 477 2728 collato
493 2676 546 2728 illio
560 2675 640 2741 gradu
653 2671 934 2727 certatumr'bosteml
948 2690 1024 2744 tergo

116 2734 203 2798 9²¹⁰&
212 2736 340 2795 Romanos
351 2746 446 2795 flumen
457 2760 500 2798 aut
512 2760 612 2797 montes
623 2749 775 2798 claudebant
786 2767 792 2796 :
806 2752 920 2812 utrisque
933 2767 1025 2800 neces·

117 2805 177 2856 sites
195 2810 220 2858 in
229 2813 309 2873 loco,
325 2834 382 2881 spes
401 2820 426 2865 in
445 2823 556 2879 virtute,
573 2823 640 2870 selus
650 2839 682 2870 ex
696 2821 824 2937 victorii.)

122 2873 223 2933 ”XXL
237 2887 289 2949 Nec
303 2890 386 2936 minor
398 2890 532 2940 Germanis
545 2896 659 2962 anirnus5
676 2892 720 2941 sed
730 2907 805 2956 gener
835 2907 924 2955 pugneo
937 2904 964 2940 et
977 2910 1024 2941 ar-

117 2969 218 3002 morum
226 2961 423 3026 superabantur5
437 2979 515 3025 quum
528 2968 615 3031 ingens
625 2963 772 3023 multitudo,
778 2965 852 3012 arctis
864 2965 943 3024 locis,
954 2982 1024 3031 prrs-

116 3024 204 3088 longas
213 3025 295 3077 hastas
305 3048 356 3080 non
366 3036 538 3097 protenderet,
548 3058 600 3089 non
609 3044 746 3106 colligeret.
754 3055 836 3106 neque
844 3036 987 3090 adsultibus
996 3054 1026 3092 et

116 3098 249 3147 velocitate
259 3117 393 3168 corporum
403 3119 531 3169 uteretur,
542 3126 627 3161 coacta
637 3117 728 3164 stabile
738 3112 771 3161 ad
782 3112 899 3179 prelium
912 3130 917 3158 :
931 3124 1022 3162 contre

115 3172 202 3231 milet,
215 3177 362 3232 cniecutum
372 3186 469 3246 pectori
482 3186 628 3250 adpressum
637 3224 643 3240 ,
655 3201 683 3236 et
693 3189 806 3237 insidens
815 3186 906 3251 cepido
916 3203 1022 3255 manus,

78 3254 82 3261 '
115 3241 180 3289 latos
189 3244 353 3300 barbarorum
360 3265 437 3311 artus,
447 3257 514 3310 nuda
522 3274 566 3306 ora
574 3256 683 3319 foderet,
692 3263 810 3325 viamque
818 3272 901 3323 strage
910 3259 1023 3308 hostium

116 3315 224 3378 &periret
236 3337 242 3364 :
255 3323 409 3389 imprompto
421 3327 471 3389 jum
480 3328 607 3390 Arminio,
616 3334 649 3379 ob
660 3339 781 3386 continua
791 3336 914 3400 pericula,
925 3334 978 3381 sire
989 3336 1023 3383 il·

115 3384 493 3460 lsw'esiosacceptumvulnus
502 3401 654 3455 tardaverat.
665 3402 961 3475 Quinetlnguiomerum
968 3406 1022 3459 toti
