2234 3817
299 196 304 205 ,
371 146 547 217 turturum
561 177 629 219 urs.
645 179 708 221 ιιι.
862 190 866 199 ·
940 175 988 231 165

75 258 121 315 ter
129 256 323 325 Dariumatqrte
333 259 507 310 Alexandrum
517 261 616 327 praelio,
626 261 759 312 Persarum
768 262 820 315 illie
829 280 890 332 opes
899 273 988 320 conci.

78 335 180 384 derant.
193 336 292 382 Interea
303 334 428 383 Gotarzes
443 333 510 398 apud
523 346 651 383 montem.
663 338 704 383 cui
722 339 813 385 nomeu
829 336 850 387 S
853 343 989 404 ausbuloe,

47 415 52 421 '
76 420 140 459 vota
152 408 201 457 diis
212 407 264 456 loni
274 406 437 470 suscipiebat,
443 408 568 472 praecipua
583 409 704 473 relig³one
713 410 843 460 Herculis:
852 418 910 478 qui,
920 427 989 467 tem.

75 497 140 548 pore
151 493 233 539 stato,
250 498 296 547 per
314 483 426 544 quietem
440 495 526 529 mouet
539 481 698 544 sacerdotes,
718 501 732 530 u
742 496 771 537 ut
785 489 907 552 templum
920 491 989 551 iuxta

66 571 157 620 ¹equos
165 558 268 603 venatui
279 554 417 603 adornatos
428 555 516 603 sistant
525 575 550 603 u.
564 555 641 618 Equi,
653 557 695 603 ubi
706 557 836 621 pharetras
845 561 989 611 telisouus-

77 639 116 676 tas
126 626 259 693 accepere,
274 643 319 692 per
332 627 411 674 saltus
423 627 496 688 vagi,
512 639 586 675 nocte
607 627 725 689 denuuu,
746 631 831 679 vacuis
846 631 987 695 pharetris,

8 708 16 715 “
76 700 163 747 multo
174 716 231 751 eum
241 698 355 748 anhelitu
368 699 484 748 redeunt.
496 699 592 750 Rursus
603 701 680 757 deus,
693 700 741 764 quit
756 703 832 751 silvas
840 720 988 767 pererrave-

76 772 127 837 rit,
140 786 263 823 nocturno
273 775 330 822 visu
340 772 511 823 demonstrat:
524 776 735 838 reperiunturque
745 775 805 824 lusae
816 780 908 841 passim
919 778 988 830 fere.

112 844 190 896 xlv.
204 846 324 895 Ceterrlm
332 844 465 901 Gotarzes,
477 845 592 894 uonrlum
601 848 660 895 satis
668 861 742 896 aucto
749 851 859 897 exercitu
869 852 989 907 ‚llumiuo

78 916 173 987 Corma
182 936 227 984 pro
233 920 394 966 munimento
402 920 439 966 uti
444 939 451 981 3
463 932 487 965 et
498 936 641 983 quanquam
649 937 696 990 per
704 921 881 970 insectationes
890 936 916 972 et
924 941 989 973 uun·

77 992 128 1040 tius
136 988 172 1039 ad
181 993 296 1057 praelium
306 1004 452 1051 vocaretur,
465 1004 565 1039 nectere
577 1008 661 1057 moras
671 1028 678 1052 ,
687 994 756 1043 lucos
769 1006 879 1055 mutare,
891 1009 916 1046 et
925 998 989 1047 mis·

79 1066 112 1114 sis
121 1065 330 1129 corruptoribus,
343 1065 496 1112 exserendum
510 1063 542 1110 ad
555 1062 631 1110 fidem
643 1064 728 1112 hostes
741 1069 871 1116 emereari.
883 1069 921 1118 Es
931 1068 989 1134 quls

78 1139 159 1186 Izates
175 1136 336 1201 Adiabenus.
352 1153 411 1186 mos
428 1136 545 1200 Abgarus
557 1137 671 1184 Arabum
687 1154 746 1186 eum
762 1140 885 1203 exercitu,
898 1143 988 1192 absce-

79 1209 159 1269 dunt,
168 1212 271 1261 levitate
282 1211 372 1276 gentili
382 1247 388 1265 ,
398 1223 424 1258 et
434 1215 494 1274 quia
506 1211 684 1274 experimentis
695 1212 823 1276 cognitum
832 1226 884 1269 est,
895 1215 989 1264 bar-bs·

78 1300 125 1333 ros
138 1284 214 1332 malle
227 1285 307 1333 Romi
319 1296 403 1350 petere
414 1299 498 1348 reges,
510 1280 587 1345 quitur
599 1282 698 1331 habere.
709 1283 746 1334 As
757 1283 931 1347 Meherdates,
942 1306 989 1338 ra·

77 1359 116 1408 lid
121 1361 141 1407 is
146 1359 361 1408 auxiliisuudatus
370 1395 376 1416 ‚
386 1371 530 1407 ceterorum
538 1346 682 1423 pioditione
691 1360 820 1424 suspecti,
834 1362 901 1424 quod
908 1380 987 1415 unum

78 1445 137 1481 erat
143 1432 276 1496 reliquum,
285 1450 337 1481 rem
347 1433 372 1481 ia
382 1449 468 1480 casum
477 1431 551 1488 dare,
563 1431 697 1496 prelioque
707 1434 813 1496 experiri
824 1437 921 1484 statuit.
934 1437 988 1486 Nee

79 1505 233 1556 detrectarit
246 1523 356 1573 pugnam
376 1507 515 1565 Gotarzes,
530 1503 669 1553 deminutis
690 1505 804 1554 hostibus
818 1506 898 1556 ferox.
917 1513 988 1559 Con-

79 1576 234 1643 cursumque
246 1581 334 1645 magua
342 1579 414 1628 erede
423 1615 430 1637 ,
439 1590 466 1628 et
476 1577 594 1641 ambiguo
606 1590 716 1626 euentu:
730 1576 811 1627 donec
826 1582 988 1648 Carrheneu,

77 1654 220 1719 profligatis
228 1654 345 1706 ,obversis
356 1651 457 1718 lougiirs
469 1664 599 1707 evectum,
615 1651 711 1716 integer
724 1650 738 1701 b
752 1664 823 1718 tergo
833 1655 923 1718 globus
936 1657 989 1706 eir·

37 1739 44 1747 ·
78 1727 245 1776 cumveuiret.
258 1729 324 1775 Tum
335 1727 405 1776 omni
416 1742 460 1793 spe
473 1723 586 1790 perdita,
598 1722 775 1783 Meherdates,
788 1729 913 1793 promissa
924 1728 988 1779 Par-

78 1798 171 1860 rhasis,
182 1802 282 1866 paterni
297 1801 415 1859 clientis,
428 1810 541 1856 seeutus,
552 1797 611 1846 dole
627 1799 680 1860 ejus
695 1799 817 1863 vincitur,
828 1800 987 1867 traditurque

80 1873 180 1924 sirtori.
190 1876 274 1939 Atque
283 1875 329 1923 llle
339 1890 410 1922 uuou
417 1874 588 1939 propinquum
597 1907 604 1934 ,
614 1887 696 1936 neque
706 1873 804 1920 Arsacis
811 1873 842 1921 de
849 1886 932 1938 geute,
942 1875 988 1927 sed

83 1946 247 2013 alienigenam
257 1960 283 1996 et
291 1948 459 2001 Romanums'
469 1947 619 2013 increpans,
630 1946 734 1992 auribus
747 1943 836 1993 decisis
848 1948 933 1995 vivere
944 1947 987 2010 ju-

79 2018 134 2083 bet,
147 2024 258 2069 ostentui
269 2023 404 2073 elementiae
415 2038 472 2084 suae,
482 2032 507 2068 et
518 2020 544 2067 in
555 2035 603 2067 uos
613 2018 846 2067 dehonestamento.
856 2021 921 2068 Dein
932 2020 987 2070 Go-

79 2104 163 2145 tarzes
175 2094 264 2144 morbo
278 2097 353 2154 obiit,
365 2098 510 2158 accitusque
525 2094 551 2140 in
560 2107 666 2156 regnum
679 2092 816 2150 Vonones,
827 2091 916 2141 Medos
929 2105 987 2142 tuus

79 2166 229 2233 presidens.
239 2170 313 2218 Nulla
324 2169 381 2218 huie
389 2183 511 2235 prospera
521 2201 527 2219 .
537 2175 581 2224 aut
590 2162 710 2221 adversa,
720 2163 777 2229 quis
789 2176 985 2219 memoraretur:

79 2241 154 2291 brevi
167 2253 194 2290 et
205 2243 312 2307 inglorio
329 2243 435 2307 imperio
454 2238 603 2307 perfunctus
620 2247 675 2307 est,
691 2252 781 2307 resque
794 2236 945 2289 Parthorum
958 2239 986 2291 iu

78 2313 224 2380 filiumsjus
235 2317 380 2381 Vologesen
392 2317 524 2364 translatas.
976 2366 984 2369 ,
1031 2354 1033 2357 ,

111 2387 170 2437 XV.
186 2392 223 2439 At
235 2389 396 2438 Mithridates
414 2388 587 2453 Bosporanus,
602 2385 699 2436 amissis
712 2385 804 2450 opibus
816 2386 908 2450 vagus,
924 2399 986 2451 pos·

77 2462 327 2525 teaquam·Didiurn,
340 2462 432 2512 ducem
449 2463 608 2524 Romanum,
626 2460 754 2522 roburque
769 2455 892 2507 exereitus
903 2457 987 2505 abisse
1039 2490 1042 2491 ν

78 2547 243 2599 cognoverat,
256 2537 358 2585 relictos
365 2538 391 2584 in
404 2551 471 2586 uoro
481 2534 560 2601 regno
568 2536 649 2600 Cotyn
661 2532 764 2594 juventa
775 2530 864 2581 rudem
873 2565 880 2586 ,
889 2540 913 2576 et
923 2543 986 2592 pau·

76 2623 118 2659 cas
125 2608 273 2664 cohortium
285 2627 343 2659 cum
354 2611 421 2659 lulio
433 2611 542 2676 Aquila,
555 2611 641 2672 equite
654 2610 770 2654 Romano
781 2620 787 2648 t
805 2602 897 2666 spretis
909 2601 986 2646 utris*

77 2684 250 2743 quepeoncire
258 2685 379 2743 nationes,
388 2684 482 2733 illicere
491 2683 621 2748 perfugas,
631 2674 761 2742 postremo
768 2673 879 2722 exercitu
888 2681 987 2726 coacto,

77 2767 167 2815 regem
174 2754 374 2805 Dandaridarum
383 2757 515 2814 esturbat,
526 2750 684 2818 imperioque
694 2746 747 2809 ejus
757 2748 862 2810 potitur.
874 2746 934 2809 Quae
943 2743 1002 2792 uhi»
1025 2786 1032 2791 ,

75 2825 194 2890 eoguits,
213 2839 240 2875 et
256 2829 307 2891 jam
322 2828 421 2894 jamque
431 2828 575 2893 bosporum
588 2826 721 2872 invasurus
738 2818 896 2876 habebatur,
913 2817 988 2867 diffisi

20 2890 25 2903 ⁵
94 2899 186 2964 ropriis
197 2900 293 2950 viribus
305 2900 397 2967 Aquila
404 2915 431 2951 et
443 2903 535 2968 Cotys,
551 2897 608 2962 quia
624 2896 759 2954 Zorsines,
774 2893 919 2940 Siracorum
929 2907 986 2950 rex,
1027 2923 1040 2930 -

74 2914 180 3023 lustitia
196 2989 384 3041 resumpserat,
401 2988 517 3027 esteruas
529 2981 556 3020 et
573 2970 622 3038 ipsi
636 2968 728 3035 gratias
743 2965 891 3030 quasivere,
903 2965 987 3013 missis

73 3042 165 3109 legatis
174 3044 205 3094 utl
213 3048 352 3105 Eunonen,
366 3050 410 3114 qui
421 3046 559 3099 Aorsorum
573 3043 641 3108 genti
651 3041 817 3107 precellebat.
835 3038 888 3086 Nec
900 3035 948 3085 luit
958 3037 987 3087 iu

75 3115 156 3166 arduo
166 3121 273 3177 societas
281 3161 289 3187 ,
298 3124 442 3191 potentiam
456 3120 594 3171 Romanum
609 3115 730 3169 adversus
743 3112 865 3161 rebellem
876 3110 986 3161 Mithriv

75 3188 152 3239 dateu
164 3197 453 3262 ostentanripurslgitur
464 3192 596 3263 pepigere,
609 3188 789 3252 sequestribus
798 3184 887 3251 praeliis
896 3183 986 3239 Euno-

73 3277 120 3317 nes
129 3278 254 3334 certaret;
266 3271 366 3322 obsidia
375 3270 480 3320 urbium
490 3266 600 3318 Romani
612 3272 800 3328 capesserent».

106 3339 178 3391 th.
190 3342 260 3391 Tum
270 3346 415 3411 composito
421 3343 521 3406 agmins
528 3338 661 3399 incedum3
672 3333 895 3412 euiuslrouteruet
905 3338 984 3407 terga,
998 3370 1002 3374 .

71 3410 160 3481 horti,
169 3415 256 3489 predia
267 3416 397 3485 cohortes,
408 3425 434 3467 ar
443 3414 581 3486 uesperam
592 3409 751 3469 tutabantur,
763 3413 889 3475 nostruin
898 3411 983 3450 uma.
