2234 3817
377 119 648 190 errantum.
672 145 727 190 ur.
768 111 773 120 Ι
974 137 1011 213 67l

98 235 168 286 versi
177 232 271 288 lesem:
281 233 374 296 atque,
385 230 430 277 uhi
439 229 550 278 colonias
560 230 806 297 transgrederentur,
818 245 898 284 atrata
907 237 1006 306 plebes,

97 310 207 360 trabeati
218 309 318 372 equites
329 342 335 360 ,
346 321 393 371 pro
405 305 496 369 opibus
506 305 571 364 loci,
584 315 681 353 restem
688 341 696 367 ,
708 305 814 369 odores,
829 308 927 373 aliaque
938 310 1010 362 nue-

94 399 155 433 rum
166 380 292 429 solemnia
303 375 468 426 cremabant:
482 378 557 426 etiam
569 394 677 440 quorum
689 379 788 429 diversa
803 382 911 448 oppida,
923 387 1010 435 tamen

94 456 182 516 obvii,
196 465 223 502 es
235 454 353 500 victimas
365 462 442 513 atque
455 461 509 499 aras
522 450 579 499 Diis
591 450 709 501 Manibus
724 464 877 514 statuentes,
889 456 1010 525 lacrymis

94 539 124 579 et
141 524 390 582 conclamationibus
410 522 524 572 dolorem
544 524 710 574 testabantur.
732 525 827 576 Dmsus
845 528 1010 582 Tarracinam

96 615 250 668 progressus
259 610 316 662 est,
333 613 393 645 cum
405 596 528 661 Claudio,
538 596 615 645 fratre
624 633 632 657 ,
642 597 778 663 liberisque
791 600 953 663 Germanici,
965 603 1010 667 qul

96 675 127 724 iu
137 676 202 723 urbe
212 674 320 723 inerant.
337 671 460 723 consules
471 671 509 721 M.
521 671 636 721 Valerius
652 684 677 721 et
692 673 722 721 C.
735 676 850 725 Aurelius
863 675 927 743 (ism
938 682 1009 727 enim

97 745 282 813 magistratum
293 746 476 810 occoeperant),
488 756 631 798 etsenatus.
642 741 672 793 ac'
678 761 832 813 magoapars
840 750 928 816 populi
939 752 1009 802 viam

97 820 274 887 complevere,
285 819 393 882 disiecti,
408 828 434 867 et
443 830 472 867 ut
483 820 574 882 cuique
582 820 687 867 libitum
697 822 801 871 flentes:
814 824 902 873 aberat
913 826 1008 891 quippe

97 896 230 955 adulatio,
237 892 455 960 gnarisomuibus,
466 890 550 939 letam
558 887 666 941 Tiberio
673 892 817 943 Germanici
825 907 935 946 mortem
943 899 1009 949 matt

76 967 79 982 ³
95 971 265 1022 dissimulari.

130 1045 177 1096 111.
194 1043 313 1094 Tiberius
327 1052 403 1104 atque
415 1040 528 1105 Augusta
539 1037 645 1102 publico
658 1039 815 1104 abstinuer03
832 1042 936 1093 iuferius
952 1051 1010 1094 rus·v

95 1116 187 1183 jestate
199 1116 246 1165 sua
254 1115 317 1177 rati,
329 1113 353 1162 si
361 1112 445 1178 patim
458 1115 673 1169 lamentarentur,
684 1129 716 1160 arr
727 1148 733 1168 ‚
746 1130 790 1175 ue,
800 1118 914 1165 omnium
926 1115 1009 1168 oculis

94 1189 201 1242 nullum
216 1204 306 1237 eorum
320 1186 503 1246 scrutantibus,
514 1183 572 1231 lalsi
580 1179 790 1247 intelligerentur.
800 1189 909 1238 Matrem
919 1190 1006 1240 Anto·

98 1263 173 1313 niam
188 1277 240 1309 nou
251 1258 318 1325 apud
329 1269 443 1314 auctores
454 1273 555 1315 rerum,
571 1271 622 1301 non
634 1253 725 1303 diurni
735 1267 851 1308 actorum
863 1263 987 1329 scripturi
1004 1297 1012 1322 ,
1060 1243 1066 1250 ι

99 1335 203 1402 reperio
214 1333 267 1382 ulio
276 1334 362 1396 insigni
371 1330 452 1380 cilicio
461 1329 575 1377 iunctam
585 1348 591 1389 3
603 1343 682 1389 quum
698 1343 773 1393 super
787 1330 968 1399 Agrippinam,
981 1347 1007 1385 et

98 1412 232 1469 Drusum,
243 1417 270 1454 et
286 1404 436 1460 Claudium,
452 1403 530 1449 ceteri
546 1415 646 1462 quoque
660 1404 839 1464 consauguiuei
857 1410 1007 1458 nominatim

98 1481 240 1551 perscripti
249 1481 316 1527 siut:
332 1493 377 1525 seu
391 1473 536 1523 valetudiue
548 1469 767 1536 prepediebatur,
782 1488 825 1522 seu
838 1482 920 1529 victus
933 1482 1005 1542 luctu

93 1558 199 1607 suimus
208 1593 219 1616 ,
236 1548 435 1615 magnitudinem
452 1546 514 1594 mali
532 1540 643 1609 perferre
662 1547 715 1592 risu
733 1563 787 1594 nou
808 1548 946 1603 toleravit:
967 1554 1006 1604 la-

93 1629 172 1680 ciliirs
183 1624 353 1682 crediderim,
367 1620 480 1670 Tiberio,
490 1630 515 1667 et
526 1617 653 1682 Augusti,
671 1620 715 1683 qui
734 1620 812 1669 domo
829 1640 881 1672 non
897 1627 1007 1676 excede.

92 1705 158 1756 bant
168 1737 175 1757 ,
185 1691 341 1758 cohibitam,
353 1706 381 1745 ut
390 1707 552 1761 permutor,
562 1704 589 1741 et
599 1691 687 1740 matris
695 1694 826 1761 exemplo,
838 1700 895 1749 aria
906 1716 1006 1767 qunque

97 1786 242 1842 etpatttaus
250 1773 351 1820 attineri
362 1768 520 1816 viderentur.
551 1790 562 1800 =

127 1851 175 1898 tv.
195 1847 271 1907 Dies,
286 1862 337 1910 quo
347 1842 460 1905 reliquiae
476 1837 576 1887 tumulo
594 1842 703 1903 Augusti
719 1839 909 1910 inferebantur,
926 1845 1006 1898 mod&

100 1936 148 1989 per
164 1922 296 1970 silentium
309 1932 406 1979 vastus,
417 1913 496 1964 modo
507 1912 648 1982 ploratibus
660 1916 775 1979 inquies:
792 1918 867 1982 plena
879 1919 950 1967 urbis
961 1922 1008 1969 iti-

99 1997 165 2047 nern
175 2031 183 2053 ,
195 1995 399 2057 collucentesper
409 1993 528 2053 campum
540 1986 631 2034 Martie
641 1987 723 2035 faces:
739 1988 792 2042 illic
802 1991 877 2037 miles
891 2007 948 2039 cum
964 2010 1009 2042 ar·

98 2070 168 2128 mis,
184 2068 242 2116 sine
257 2065 411 2128 insignibus,
427 2060 605 2125 magistratus,
616 2061 727 2124 populus
743 2075 789 2123 per
803 2060 898 2122 tribus,
917 2068 1010 2117 couci·

100 2143 175 2196 disse
187 2141 396 2211 rempublicam,
408 2135 481 2187 mdil
487 2135 547 2205 spei
560 2129 694 2201 reliquum
708 2131 873 2182 clamitabant
885 2155 891 2195 3
903 2151 1022 2203 promp-¹

98 2214 154 2267 titis
166 2212 342 2281 apertiusque,
363 2209 438 2276 quim
457 2220 486 2266 ut
504 2206 651 2260 meminuse
669 2204 869 2269 imperitantium
882 2207 1008 2260 crederes.

97 2283 171 2334 Nihil
182 2294 267 2329 tamen
279 2279 413 2337 Tiberium
422 2277 501 2340 magis
513 2271 673 2340 penetravit,
685 2269 761 2334 quim
776 2270 859 2320 studia
873 2273 1009 2325 homiuum

97 2371 203 2406 accensa
212 2357 240 2403 iu
250 2355 433 2419 Agrippinam:
443 2364 522 2413 quum
534 2347 630 2397 edecus
640 2357 735 2410 patric,
745 2345 828 2395 solum
838 2349 945 2414 Augusti
953 2366 1015 2399 saw.

96 2431 218 2496 guinem,
236 2432 341 2484 unicum
359 2424 520 2486 antiquitatis
535 2422 682 2487 specimen»
701 2419 875 2484 appellarent,
892 2425 1009 2487 versique

98 2503 131 2553 td
142 2504 238 2556 coelum
249 2517 277 2549 ao
288 2502 364 2560 deos,
382 2515 397 2545 et
405 2497 530 2561 integram
542 2495 580 2542 illi
592 2492 721 2554 sobolem,
737 2506 766 2540 ac
780 2489 941 2558 superstitem
954 2495 1007 2544 iui-

99 2589 215 2643 quorum·
224 2586 417 2639 precarenturu.
485 2581 508 2630 t,
614 2565 618 2569 ’
783 2589 785 2592 ·
1073 2567 1076 2574 ’

140 2648 178 2696 V.
192 2646 270 2700 Frtere
281 2683 287 2702 ‚
299 2648 341 2710 qui
350 2644 460 2717 publici
462 2640 574 2711 funeris
581 2653 705 2702 pompam
718 2635 889 2697 requirerent,
902 2639 1009 2702 compa'-

104 2729 242 2783 rareutque
253 2735 325 2783 uque
332 2721 359 2769 in
368 2720 493 2771 Drusum,
505 2725 603 2779 patrem
609 2707 766 2779 Gernranici,
774 2705 871 2759 honora
880 2721 904 2760 et
913 2711 1010 2776 magni·

101 2795 149 2843 lica
162 2795 293 2859 Augustus
303 2795 421 2843 fecisset:
436 2794 519 2857 ipsum
534 2786 629 2851 quippe
640 2818 650 2842 ι
666 2779 810 2846 ΜΙΜΤῙῑΜ
819 2780 908 2832 ὴῑθῐῐῑίὓ
918 2820 926 2843 r
936 2783 1009 2833 Tici-

98 2883 164 2921 num
181 2885 263 2933 usque
273 2883 450 2936 progressum,
463 2878 546 2929 neque
562 2856 739 2908 abscedentem
758 2854 771 2903 d
794 2871 917 2921 corpore,
933 2859 1010 2908 simul

76 2944 191 3014 ,urbem
211 2945 362 2993 intravisse:
381 2939 547 2994 circumfusas
560 2934 628 2983 lecto
646 2929 812 2980 Claudiorum
826 2926 1009 3004 Liuiorumqus

99 3018 223 3083 imagines
236 3027 247 3067 ι’
257 3018 381 3067 defletum
393 3018 418 3065 iri
431 3008 643 3070 som-laudatum
654 3007 795 3074 prorostris
806 3015 916 3069 {cuncta
926 3005 940 3054 d
950 3022 1009 3055 ma-

98 3089 196 3156 joribus
209 3102 311 3157 reperta
322 3129 331 3154 ,
347 3101 456 3153 susque
469 3084 567 3152 posteri
578 3081 738 3137 invenerint,
749 3081 885 3130 cumulata.
899 3080 932 3129 At
940 3077 1009 3130 Ger-

99 3167 201 3216 manico
211 3165 349 3215 ue'solitos
359 3163 479 3228 quidem,
487 3169 513 3207 et
522 3158 673 3219 cuicumque
681 3152 763 3201 nobili
774 3151 874 3203 debitos
883 3152 991 3208 honores
1000 3189 1008 3214 ,

102 3248 238 3313 contigisse
252 3264 259 3297 ι
275 3248 335 3297 tane
353 3243 461 3312 corpus,
474 3242 510 3289 ob
522 3236 735 3303 longinquitatem
747 3234 884 3291 itinerum,
899 3238 1009 3284 externis

101 3323 176 3369 terris
193 3335 298 3387 quoquo
309 3322 389 3372 modo
399 3327 536 3367 crematum
547 3332 553 3363 :
568 3311 615 3362 sed·
623 3309 693 3360 t'sntb
701 3309 775 3373 plura
784 3306 877 3355 decora
886 3319 947 3354 mox
958 3307 1009 3353 tri·
1089 3322 1091 3334 ·

108 3391 154 3445 bui
163 3410 212 3461 par
224 3394 303 3447 inisse
313 3433 323 3465 ,
335 3391 430 3465 quantit
444 3391 527 3461 prima
538 3388 591 3438 ior·
600 3381 758 3449 negavisset:
772 3393 827 3429 nun
838 3376 941 3428 fratrem
950 3411 959 3437 ‚
967 3379 1008 3429 uis

791 3499 796 3522 Ι
