2234 3817
45 116 62 164 ἶ
134 128 182 179 ι88
406 192 412 199 .
449 139 476 181 c.
493 140 586 177 cona.
605 137 726 177 uteret-

134 240 194 274 nem
204 223 318 293 aggredi,
328 237 424 274 usuum
436 222 522 288 potiris
532 224 676 273 cubiculum
686 237 715 271 ac
725 217 832 271 eirlumu
841 219 949 290 offerre,
961 238 1045 271 ceon-

135 298 265 363 tegendis,
277 316 331 364 qua
345 299 426 364 prima
437 310 495 346 ceter
507 312 532 347 et
546 313 645 347 summa
658 296 763 346 fortuna
777 305 954 363 expeterentu.
974 296 1046 357 Quin

50 409 57 416 .
136 383 162 421 et
170 372 295 421 fatebatur
308 372 532 436 «intempestivam
543 373 735 428 severitatem»,
746 382 771 418 et
781 386 885 419 suarum
894 388 979 436 opum,
989 388 1047 435 quae
1083 403 1095 411 -

136 443 205 494 haud
216 446 305 509 procul
317 445 484 510 imperatoriis
493 446 615 503 oberant,
626 445 711 509 copias
720 442 837 491 tradebat
848 460 854 492 :
869 455 898 492 ut
905 444 982 492 nimia
993 460 1052 491 ιιιι-Δ

136 533 183 584 per
192 517 331 565 coercendo
343 517 410 573 lilio,
423 518 458 565 lta
467 517 568 567 rursrim
580 520 778 583 intemperanter
787 516 905 566 demissa.
917 518 977 581 Quae
984 534 1048 565 mn·

137 591 202 638 tatio
217 606 300 656 neque
316 589 447 640 Neronem
460 590 561 650 fefellit,
575 602 601 639 et
614 590 725 656 proximi
742 590 882 654 amicornm
899 592 1049 641 metuebant

141 662 315 724 orabantque,
335 677 442 710 ‹tcavere
458 662 561 711 insidias
572 662 698 724 mulieris,
713 675 812 727 semper
828 664 935 722 atrocis,
948 674 1005 710 turn
1019 671 1049 711 et

138 734 207 784 false
215 752 240 783 u.
252 733 329 783 Forte
338 733 387 782 illis
397 734 487 782 diebus
498 737 590 801 Caesar,
603 736 716 799 inspecto
729 745 833 793 ornatu,
842 752 894 797 quo
903 736 1049 800 principum

99 870 107 874 p
129 808 260 871 *coniuges
271 823 300 854 ao
317 819 433 871 parentes
442 805 606 864 effulserant,
623 807 712 870 deligit
722 820 818 857 restem
826 818 852 854 er
862 805 974 872 gentinus
981 844 989 867 ,
1002 810 1052 856 mi·

141 883 226 945 sitque
242 879 441 929 donum-matri:
454 880 524 932 uuttt
538 882 709 945 parcimonia,
721 898 801 947 quum
812 884 950 948 praecipua,
963 894 988 930 et
1000 899 1052 931 cu-

142 956 196 1021 pita
209 953 280 1013 aliis,
291 954 361 1019 prior
380 952 497 1003 deferret.
510 954 559 1003 Sed
572 955 714 1021 Agrippina
726 973 797 1004 cnon
810 954 850 1004 lris
861 956 1053 1006 instruioultus

142 1042 216 1085 suos,
228 1026 272 1074 sed
287 1028 377 1074 ceteris
394 1028 506 1085 arceri»,
522 1030 679 1092 proclamat,
692 1042 739 1080 net
751 1028 865 1077 dividere
879 1028 977 1089 illium,
992 1046 1052 1094 quae

143 1110 234 1148 cuncta
248 1117 277 1149 ex
290 1098 343 1164 ipsi
356 1098 491 1149 haberet».
505 1100 560 1150 Neo
573 1100 676 1151 deluere
689 1105 733 1168 qni
746 1104 771 1150 in
781 1101 890 1150 deterius
898 1099 1033 1151 relerrent.

176 1170 247 1220 XIV.
261 1171 385 1234 Brileto,
398 1173 511 1222 infensus
521 1175 669 1250 iis7quihus
680 1175 797 1240 superbia
809 1174 938 1223 muliebris
953 1176 1055 1223 innite-

142 1246 233 1306 batur,
244 1231 361 1294 demorer
370 1245 510 1302 Pallantem
518 1247 605 1300 curu
587 1264 689 1306 rerum,
701 1247 778 1311 quisti
787 1246 905 1297 Claudio
900 1250 1053 1315 impositus,

145 1318 530 1384 relutarbitrumtegniagebat
536 1318 906 1385 Ferebaturque,degredtente
914 1339 944 1371 eo
947 1322 1057 1388 ,magna

145 1392 351 1460 prosequentium
360 1391 533 1455 multitudine,
543 1411 596 1443 non
602 1393 710 1443 absurde
720 1393 827 1448 dixisse:
821 1394 899 1443 ··<‹lre
906 1397 1058 1457 Pallantem,

146 1477 176 1524 ut
187 1464 325 1527 ejuraret».
336 1464 399 1514 Sane
406 1467 535 1536 pepigerat
544 1466 642 1525 Pallas,
655 1466 784 1527 unecujus
793 1467 852 1516 lacti
862 1470 888 1516 in
898 1473 1057 1535 praeteritum

146 1538 356 1601 interrogaretur,
370 1554 491 1603 paresque
507 1542 618 1590 rationes
633 1557 691 1592 cum
699 1540 828 1608 republioti
838 1541 972 1593 heberet».
986 1545 1060 1591 Pra-

149 1625 207 1695 ceps
222 1622 280 1695 pest
300 1608 352 1662 hac
371 1611 512 1677 Agrippina
530 1629 605 1664 ruere
623 1612 655 1664 ad
670 1624 793 1678 terrorem
811 1626 836 1663 et
855 1615 936 1662 minas
943 1630 1058 1678 ‚·neqne

148 1683 273 1756 principis
282 1682 385 1733 auribus
398 1683 549 1740 abstinere,
554 1685 846 1751 qnominlrstestsretur,
860 1685 1008 1734 aadtrltnm
1001 1701 1060 1750 lant

150 1771 203 1805 esse
214 1745 401 1813 Britannicum,
418 1773 504 1807 reram
520 1757 670 1824 dignamque
683 1758 786 1841 stirpem
797 1756 957 1824 suscipiendo
973 1760 1063 1822 patris

150 1830 273 1894 imperio,
284 1828 453 1894 quotltnriltrs
461 1844 488 1881 et
497 1830 646 1898 adoptans
656 1847 701 1897 per
711 1829 813 1892 tn'tur'rtts
820 1831 1062 1879 matrisereroeret.

142 1903 210 1953 'Non
226 1903 336 1952 abnuere
349 1920 385 1963 se,
397 1907 460 1971 quin
477 1919 570 1956 cuncta
588 1906 694 1956 infelicis
708 1903 800 1955 demtis
811 1906 879 1954 mala
893 1905 1062 1969 patelierent3

152 1993 202 2026 sue
221 1978 246 2025 in
263 1978 351 2043 primis
368 1982 478 2063 nuptiae,
493 1996 567 2029 suurn
584 1978 745 2039 ueneficium.
763 1977 796 2025 ld
814 1978 897 2027 solum
911 1976 962 2026 diis
974 1990 999 2025 et
1010 1975 1064 2025 sibi

153 2051 298 2116 provisum,
311 2050 414 2116 qnod
394 2070 460 2100 turer
462 2065 488 2101 et
498 2054 640 2118 privignus
651 2054 746 2101 luuram
757 2052 881 2109 eumillo'
875 2069 900 2100 tn
909 2062 997 2099 cestra
1007 2048 1064 2099 Au-

155 2124 249 2173 diretur
262 2123 322 2173 hinc
334 2127 479 2174 Germanioi
492 2128 560 2193 fitia,
579 2127 672 2176 debilis
683 2126 770 2183 rursus
780 2127 874 2173 Burrus
892 2136 917 2172 et
929 2125 999 2172 exsul
1015 2126 1066 2172 Se·

155 2211 232 2257 neca,
246 2196 334 2244 trunca
351 2201 450 2250 scilicet
467 2219 562 2262 manu,
575 2214 601 2249 et
610 2197 766 2265 professoria
783 2197 883 2261 lingui,
896 2200 994 2262 generis
1012 2197 1065 2245 lnt-

155 2270 223 2316 mani
234 2272 345 2334 regimen
357 2277 546 2339 expostulantes
555 2293 581 2325 n.
594 2274 677 2321 Simul
688 2270 817 2319 intendere
830 2285 932 2329 manns,
945 2287 1020 2334 agger
1021 2286 1067 2319 ere

155 2341 263 2405 probra,
274 2359 470 2397 «consecratum
480 2348 630 2404 Claudium,
644 2344 753 2396 infernos
760 2341 900 2390 Silanorum
908 2359 1016 2391 matres»
1026 2344 1069 2392 in·

156 2428 262 2471 vocare,
274 2425 301 2463 et
312 2427 372 2465 etot
382 2418 449 2469 irrita
463 2420 605 2470 facinora».

189 2485 252 2539 XV.
265 2486 393 2539 Turbatus
403 2492 442 2541 hic
453 2494 533 2547 Nero,
546 2500 570 2537 et
581 2488 726 2554 propinquo
738 2485 791 2543 dic.
804 2501 856 2550 quo
863 2495 980 2549 quartum
991 2485 1070 2535 decl·

158 2577 231 2612 mum
240 2564 318 2612 etatis
329 2580 423 2614 annum
434 2566 593 2616 Britannicus
602 2560 736 2626 explebat
749 2559 865 2609 volulsre
874 2574 974 2619 recum
983 2559 1072 2608 modo

158 2638 248 2685 matris
258 2637 422 2699 violentiam,
433 2641 509 2690 modo
520 2634 734 2705 ipsiusindohm,
743 2645 773 2683 ut
781 2632 1070 2698 qutdernexperrmento

127 2717 130 2718 ’
159 2724 242 2773 nuper
254 2712 396 2774 cognitam,
409 2731 459 2777 quo
470 2726 557 2762 tamen
570 2710 684 2760 fauorem
695 2706 745 2758 late
753 2705 918 2772 quesivisset
930 2704 1012 2753 Fertis
1021 2707 1071 2753 Sa-

125 2782 139 2794 *
159 2781 352 2849 tur-nodiebns,
364 2787 428 2834 inter
442 2780 742 2851 allaaequaliumludiora
750 2778 945 2845 ,regnumlusu
954 2779 1069 2827 sortien-

158 2854 245 2914 tium,
249 2870 368 2905 euenerat
379 2875 408 2905 ea
421 2861 593 2909 sotsNeront
607 2855 788 2923 Igituroetetts
799 2853 916 2910 diretta
928 2852 1070 2899 necrubo-

160 2942 215 2975 rein
228 2930 352 2978 allatura:
367 2931 412 2978 nbi
429 2931 596 2981 Britannico
582 2933 663 2994 tussit
680 2937 861 2989 «exsurgeret,
874 2937 1070 2989 progressusque

161 3000 189 3048 in
207 3002 334 3062 medium,
351 3015 455 3054 cantum
458 3006 580 3073 aliquem
594 3007 745 3071 inciperet»,
762 3001 865 3050 irrisum
879 3011 956 3046 exeo
969 3012 1073 3062 sperans

161 3074 250 3137 pueri,
264 3039 365 3122 sobrios
379 3093 487 3141 quoque
490 3081 640 3135 convictum
654 3077 750 3126 nedum
763 3071 956 3125 temulentas,
951 3085 1072 3133 tguorun·

163 3148 212 3193 tls:
224 3147 266 3193 ille
276 3159 422 3197 constanter
433 3165 536 3198 exorsus
545 3162 583 3199 est
593 3166 705 3205 carmen,
714 3166 775 3213 quo,
786 3147 1003 3195 nevolutnrneum
1011 3143 1074 3192 sede

162 3218 241 3284 patria
261 3221 385 3283 rebusque
404 3224 541 3283 summis»,
561 3223 758 3287 significabatur.
778 3218 853 3269 Unde
872 3227 927 3265 orta
943 3216 1075 3264 miseratio

163 3289 335 3344 manifestior,
344 3292 404 3351 quia
411 3290 638 3342 dissimulationem
646 3309 696 3350 nox
703 3303 730 3341 et
738 3293 842 3340 lascivia
848 3301 982 3340 exemerat.
990 3288 1074 3347 Nero,

165 3358 1074 3436 intellectainvidia‚odiumintendit.Urgentiltusquerlgrlppinemiuis,
