2234 3817
134 155 184 222 ¹9²
389 125 410 186 ἰ
451 159 476 198 c.
494 157 587 197 conr.
605 144 718 199 rictas
759 151 763 158 ’
782 205 785 208 Δ
805 135 809 140 ’

168 243 253 304 XXH·
267 238 418 292 Praefectura
435 246 540 290 annonae
554 239 634 290 Penio
647 238 731 307 Rnl05
747 254 808 289 cura
822 238 960 304 ludorum,
977 233 1051 310 quii
1068 268 1073 272 ·

136 323 232 369 Catane
243 317 395 383 parabantur
402 350 408 371 ,
416 312 540 364 Arruntio
548 314 630 363 Stella
638 332 645 381 ς
654 315 779 381 AEgyptus
786 315 815 366 (1.
824 315 932 366 Balbillo
937 320 1054 384 permit.

101 455 105 458 Ι
133 405 234 445 tantur.
246 391 316 457 Syria
324 390 354 439 Pt
366 388 458 436 Anteio
472 387 613 453 destinatn5
628 398 654 458 et
663 388 741 455 variis
752 399 815 435 mot
831 390 928 438 artibus
944 392 1051 457 elusus3

134 468 168 518 ad
181 478 336 531 postremum
350 464 447 512 inurbe
459 472 574 511 retentus
590 472 637 511 ett.
648 459 684 511 At
697 461 787 528 Silana
800 460 826 508 iit
840 463 957 512 exsilium
975 476 1051 515 acta.

135 542 260 591 Calvisius
273 553 375 603 quoque
390 548 417 585 et
431 536 527 585 Iturius
541 536 695 600 relegantur.
709 535 748 585 De
761 533 877 585 Atimeto
891 538 1058 604 supplicium

112 655 116 660 .
134 624 282 678 sumptum,
295 608 418 658 validiore
433 607 501 674 apud
515 607 636 656 libidines
655 608 778 673 principis
792 606 900 666 Paride,
918 610 995 674 quim
1016 622 1051 664 ut

133 688 208 755 poeni
218 681 377 732 adficeretur.
388 681 493 729 Plautus
501 679 535 728 ad
543 693 652 745 praesens
665 681 767 729 silentio
778 682 940 731 transmissus
951 695 997 733 est.
1024 679 1034 687 '

165 756 266 808 xxrlt.
278 753 430 806 Deferuntur
441 752 535 801 debinc
549 768 565 801 a
573 754 729 803 consentisse
743 751 842 809 Pallas,
852 770 881 802 ac
890 755 1003 815 Burrus,
1016 765 1051 805 ut

135 832 268 883 Cornelius
278 828 348 877 Sulla
359 826 512 876 claritudine
523 828 637 891 generis,
650 838 677 876 et
692 825 821 875 adfinitate
834 827 968 886 Claudiis,
987 828 1029 877 cui
1038 865 1050 888 ,

134 921 183 974 per
205 903 305 969 nuptias
325 901 456 958 Antoniae,
470 916 546 964 gener
566 911 634 952 erat.
658 898 717 949 «ad
727 894 863 964 imperium
880 914 1049 950 vocaretur».

135 980 198 1044 Ejus
208 973 373 1032 accusationis
384 984 473 1021 auctor
482 973 579 1021 exstitit
591 970 673 1021 Pctus
682 971 804 1037 quidam,
817 974 962 1024 exercendis
975 976 1052 1042 apud

139 1053 261 1102 ararium
273 1046 428 1096 sectionibus
441 1044 569 1109 famosus,
583 1056 609 1093 et
623 1055 679 1093 turn
694 1047 810 1095 vanitatis
826 1046 979 1097 manifestus.
991 1050 1052 1099 Nec

137 1136 190 1175 tam
200 1135 268 1189 grata
276 1120 396 1169 Pallantis
403 1118 549 1167 innocentia
558 1115 649 1183 ,quim
659 1121 743 1184 gravis
752 1120 865 1188 superbia
875 1120 923 1170 luit
933 1137 939 1168 ε
950 1121 1050 1188 qnippe

135 1198 274 1248 nominatis
281 1192 380 1243 libertis
390 1191 444 1256 ejus
453 1227 459 1247 ,
469 1206 534 1254 qnos
543 1191 660 1241 conscios
671 1191 776 1241 baberet
785 1230 790 1247 .
800 1194 943 1260 respoudit3
956 1210 974 1242 n
982 1194 1051 1245 nihil

88 1329 95 1334 ἱ
138 1285 287 1336 unquamne
302 1268 391 1324 domi,
404 1268 454 1316 uisi
463 1277 528 1314 nutu
539 1278 584 1315 ant
599 1281 677 1316 manu
689 1268 858 1334 significasse,
870 1269 928 1327 rel,
941 1270 964 1318 si
975 1269 1051 1334 plura

139 1342 335 1394 demonstranda
351 1351 453 1401 essem,
472 1340 570 1405 scripto
588 1357 680 1400 usum,
704 1358 736 1389 ne
751 1357 839 1391 rocem
857 1342 1051 1392 consociaretu-

104 1426 106 1428 ’
138 1422 247 1470 Burrus,
259 1411 376 1480 quamvis
387 1428 459 1470 reus,
475 1414 541 1461 inter
549 1412 647 1475 ludices
657 1414 811 1479 sententiam
821 1414 895 1465 dixit.
907 1417 1054 1465 Ensilium·

132 1485 189 1558 ‘que
203 1491 342 1539 accusatori
358 1490 497 1553 irrogatum
509 1524 515 1544 ,
529 1494 562 1536 'et
570 1482 763 1538 nbnae‘e'xusta
772 1500 851 1556 sunt,
863 1491 958 1555 quibus
968 1491 1053 1560 oblit-

139 1577 220 1616 terata
228 1565 308 1612 {erarii
317 1563 420 1611 nomina
427 1562 583 1611 retrahebat.
980 1563 983 1567 ’

169 1637 271 1695 xxlv.
288 1636 350 1684 Fine
365 1636 438 1699 anni,
451 1636 529 1683 statio
544 1634 671 1692 cohortis,
686 1634 802 1684 adsidere
815 1635 883 1685 ludis
893 1636 982 1700 solita,
998 1633 1062 1682 (le-1

90 1764 93 1767 ,
135 1723 272 1770 movetur,
285 1709 336 1774 quo
346 1710 427 1774 major
438 1710 533 1775 species
547 1710 671 1758 libertatis
682 1720 749 1757 esset
761 1726 768 1756 :
779 1720 856 1773 utque
869 1710 956 1766 miles,
972 1709 1052 1759 thea-

140 1788 313 1839 tralilicentiae
325 1803 375 1836 non
387 1787 536 1852 permixtus,
549 1782 718 1850 incorruptior
726 1795 828 1850 ageret3
839 1794 865 1832 et
874 1784 961 1849 plebes
972 1783 1053 1835 daret

140 1862 357 1928 experimentum,
379 1875 431 1915 an,
451 1861 543 1908 amotis
562 1857 726 1918 custodibus,
746 1857 894 1906 modestiam
912 1858 1049 1908 retineret·

141 1935 239 1985 Urbem
245 1934 364 2000 princeps
374 1932 492 1983 instravit
504 1934 533 1997 ,ὲ
542 1950 664 1999 responso
674 1932 843 1999 hamspicnm,
853 1930 924 1998 quod
937 1932 1007 1981 iouis
1019 1946 1051 1981 ac

141 2009 262 2058 Minerva
271 2007 337 2056 edes
348 2006 379 2055 de
390 2007 535 2056 coelotactae
546 2016 628 2054 erant.
992 1999 1004 2005 '⁴
1046 2029 1050 2034 ·

93 2105 99 2120 ι
173 2081 259 2130 XXV.
279 2082 310 2144 Q.
321 2077 434 2146 Volusio
444 2113 450 2138 ,
460 2079 491 2127 P.
502 2078 623 2144 Scipione
636 2093 703 2127 coss.
716 2080 797 2126 otium
811 2077 873 2127 ioris
881 2114 889 2139 ,
900 2075 965 2128 foeda
979 2075 1064 2125 domi'

140 2152 255 2211 lascivia,
273 2151 322 2216 qui
340 2152 407 2200 Nero
425 2153 513 2200 itinera
530 2152 622 2211 urbis,
642 2164 670 2200 et
684 2151 815 2216 lupanaria
823 2169 840 2212 ,·
848 2163 876 2200 et
890 2150 1058 2210 diverticulag

143 2233 212 2274 veste
223 2224 307 2271 servili
321 2225 346 2271 in
363 2223 593 2273 dissimulationem
603 2224 644 2272 sul
655 2221 810 2287 compositus
817 2260 823 2282 ,
836 2226 998 2289 pererrabat,
1008 2238 1058 2271 co-

140 2298 292 2348 mitantibus
301 2332 307 2354 ,
316 2298 360 2361 qui
367 2311 486 2365 raperent
495 2299 527 2347 ad
538 2296 711 2346 venditionem
720 2297 847 2362 exposita,
859 2308 886 2345 et
894 2298 979 2347 obviis
989 2295 1057 2344 vul·-

142 2386 203 2421 ncra
216 2355 352 2418 inferrent:
366 2370 485 2419 adversus
501 2368 691 2435 ignarosadeo,
703 2379 732 2415 ut
744 2369 797 2431 ipse
806 2381 907 2430 qnoque
918 2372 1056 2435 exciperet

142 2445 223 2507 ictus,
235 2453 261 2491 et
269 2458 314 2491 ore
322 2443 460 2507 praeferret.
472 2440 580 2499 Deinde,
592 2441 638 2489 ubi
650 2442 784 2489 Goesarem
796 2457 863 2499 esse,
880 2444 929 2509 qui
937 2459 1060 2511 grassa·

142 2527 231 2576 retur,
239 2517 383 2582 pernotuit,
394 2519 596 2583 augebanturque
608 2513 706 2577 injuria
715 2511 836 2561 adversus
846 2514 914 2561 riros
924 2513 1056 2564 [eminas-

142 2608 192 2656 qae
202 2593 308 2656 insignes
320 2612 326 2652 3
338 2592 487 2656 etquidem,
498 2587 817 2657 permisslsemellicentil
826 2588 986 2639 tub‘nomine
995 2590 1058 2639 Ne-

143 2666 214 2714 ronis
225 2702 231 2725 ,
244 2665 334 2722 inulti,
346 2668 453 2732 propriis
462 2683 521 2715 cum
531 2665 614 2731 globis
626 2701 632 2723 ,
643 2663 732 2712 endem
741 2662 910 2732 exercebant,
922 2676 948 2712 et
957 2666 983 2713 in
992 2680 1058 2712 mo-

144 2738 206 2784 dum
214 2738 368 2802 captivitatis
375 2756 427 2788 nox
435 2741 567 2803 agebatur,
577 2736 768 2803 Jtiliusquidem
777 2737 924 2794 Montanus,
934 2737 1059 2791 senatorii

146 2809 247 2857 ordinis
257 2807 320 2866 ,vscd
332 2809 376 2870 qni
395 2810 508 2858 nondum
522 2810 647 2859 honorem
661 2810 824 2875 repressisset,
833 2821 982 2872 congressus
991 2808 1059 2861 forte

143 2899 190 2948 per
202 2882 318 2930 tenebras
335 2896 393 2929 cum
414 2885 530 2949 principe
538 2887 618 2951 ,quia
631 2886 657 2935 vi
668 2894 835 2948 attentantem
845 2883 936 2931 acriter
951 2884 1059 2947 repule-

147 2967 202 3015 rat,
219 2954 311 3002 deinde
323 2957 435 3019 agnitum
447 2971 577 3018 oraverat,
589 2961 661 3024 quasi
675 2958 864 3025 exprobrasset,
880 2956 943 3004 mori
952 2956 1059 3007 adactus

148 3038 196 3076 est.
206 3016 275 3075 Nero
287 3038 373 3076 antem
387 3030 541 3078 metuentior
551 3032 578 3079 in
588 3044 719 3097 posterum
729 3068 735 3090 ,
745 3031 839 3079 milites
850 3028 913 3085 sibi,
923 3039 949 3077 et
957 3030 1059 3095 pieros*

147 3117 197 3165 que
210 3097 360 3165 gladiatores
371 3099 538 3149 circumdedit
547 3106 611 3166 ,qui
623 3107 735 3153 rixarum
742 3103 813 3152 initia
823 3101 935 3165 modica,
945 3112 972 3150 et
980 3103 1054 3165 quasi

146 3177 245 3240 privata
256 3175 369 3225 sinerent
380 3192 386 3223 :
397 3176 417 3224 si
428 3175 514 3224 alceris
522 3176 633 3226 reliditis
645 3192 774 3244 ageretur,
784 3193 853 3226 arma
863 3176 991 3226 inferrent.
1002 3178 1060 3223 Lu..

149 3247 244 3294 dicram
253 3262 354 3308 quoque
366 3249 495 3296 licentiam
506 3284 512 3308 ,
524 3260 550 3294 et
565 3248 675 3300 fautores
686 3252 841 3300 histrionum
849 3249 926 3297 *velut
934 3249 959 3295 io
968 3248 1061 3312 'prelia

148 3321 288 3374 convertit,
307 3321 456 3381 impunitate
472 3331 498 3366 et
516 3322 644 3387 praemiis,
660 3329 736 3389 arque
748 3324 949 3390 ipsemecultns,
963 3334 987 3369 et
1002 3321 1063 3387 'ple-

144 3405 256 3454 tumque
265 3390 522 3458 corimprospectms
532 3410 538 3441 ι
549 3390 632 3445 donec
638 3432 647 3462 ,
658 3396 769 3450 discordi
777 3398 874 3470 populo
883 3431 891 3460 ,
899 3409 925 3446 et
933 3396 1060 3464 gratioris
