2234 3817
327 177 563 217 nrsronrnnnn
583 181 647 221 m.
665 184 722 222 ιιι.
899 192 901 197 ⁴
926 172 976 242 407
1043 196 1052 213 ⁴

63 262 192 331 adeptus,
203 260 264 309 Jovt
276 271 389 309 cusront
398 261 525 327 templum
537 264 638 328 ingens,
650 274 725 328 teque
737 263 762 312 in
770 263 828 313 sinu
840 263 881 313 dei
891 282 976 315 sacra-

64 341 116 390 vit.
136 338 243 385 Sabinus
260 347 286 384 et
301 335 402 385 Atticus
416 339 513 385 onerati
525 339 635 397 catenis,
652 351 678 388 et
694 339 727 386 ad
742 340 875 389 Vitellium
889 341 975 406 ducti,

64 425 231 474 nequaquam
243 406 335 456 infesto
345 424 461 459 sermone
476 411 598 475 vultuque
608 412 781 478 excipiuntur,
794 412 977 473 frementibus,

19 500 24 505 ·
66 484 170 550 quijus
187 482 275 543 cedis,
291 494 316 530 et
334 484 435 546 praernia
453 496 548 547 navatae
566 501 665 550 operae,
682 487 812 551 petebant.
833 486 976 535 clamored
1025 528 1027 535 ,

64 557 197 625 proximis
211 567 278 614 orto,
294 554 394 604 sordida
411 573 470 621 pers
481 557 566 621 plebis
578 560 729 623 supplicium
745 560 831 607 Sabini
846 561 975 624 exposcit,

67 633 155 680 minas
164 629 371 693 adulationesque
381 631 478 677 miscet.
490 630 601 679 Stantem
610 646 656 698 pro
665 631 782 695 gradibus
791 633 973 697 palatiiVitel·

67 706 145 766 lium,
155 716 180 752 et
189 720 276 770 preces
283 714 422 769 parantem,
432 703 560 769 pervicere
568 717 598 752 ut
606 706 746 754 absisteret.
754 706 821 763 Tum
830 706 977 756 confossum

67 781 311 843 collaceratumque,
324 789 349 827 et
359 779 454 866 sbsc'po
464 779 545 845 capite
555 790 675 829 truncum
686 796 779 846 corpus
787 778 875 837 Sabini
885 781 909 849 in
920 781 976 828 Ge-

69 853 169 902 monias
180 850 294 899 trahunt.
495 878 499 884 ·
728 854 732 861 ”

106 925 215 975 LXXV.
233 922 285 971 Hic
296 924 376 972 exitus
388 925 437 973 viri
449 923 517 972 baud
532 925 590 974 saue
604 924 748 991 spernendi.
761 924 880 989 Quinque
892 935 918 973 et
926 926 976 976 tri·

71 1001 142 1068 ginta
153 999 317 1066 stipendiajn
329 1001 457 1067 republicis
467 1000 574 1066 fecerat,
590 1001 660 1051 domi
671 1001 817 1064 militiaque
828 1004 917 1050 clarus.
930 999 978 1046 ln·
1029 1004 1033 1011 '

46 1140 49 1145 Ι
73 1075 220 1125 nocentiam
230 1074 402 1140 justitiamque
411 1076 464 1142 ejus
474 1094 526 1126 non
533 1092 664 1143 argueres:
675 1076 798 1124 sermonis
806 1075 900 1123 nimius
908 1085 977 1121 erat:

34 1188 37 1195 ,
69 1147 98 1197 id
107 1165 187 1196 uuum
197 1157 293 1212 septem
307 1149 394 1208 annis,
406 1150 498 1214 quibus
508 1142 642 1210 ⁴llloeriam,
653 1147 802 1210 duodecim,
813 1148 903 1211 quibus
911 1162 978 1211 prae-

74 1222 198 1271 lecturam
208 1221 279 1269 urbis
287 1221 412 1285 obtinuit,
422 1220 590 1271 calumniatus
600 1235 638 1271 est
647 1238 744 1271 rumor.
756 1220 785 1269 In
793 1222 841 1269 fine
853 1222 924 1282 vitre,
935 1219 979 1266 alii

11 1292 13 1315 ³
77 1308 188 1359 segnem,
196 1293 446 1354 multimodarum,
457 1308 482 1344 et
491 1296 584 1345 civium
593 1297 721 1361 sanguinis
729 1312 832 1361 parcum
842 1292 980 1342 credidere.

79 1367 156 1426 Quod
173 1368 237 1416 inter
256 1384 344 1416 omnes
364 1370 521 1432 constiterit,
542 1380 601 1418 ante
622 1370 793 1436 principatum
814 1367 978 1433 Vespasiani,

11 1464 12 1467 ¹
81 1440 158 1507 decus
167 1439 256 1489 dumbs
269 1458 347 1507 penes
362 1441 481 1493 Sabinum
492 1455 554 1492 erat.
566 1442 664 1492 Caedem
673 1442 727 1506 ejus
736 1443 818 1490 latam
828 1439 905 1489 luisse
918 1440 981 1488 Mu-

11 1518 12 1543 ³
82 1518 156 1564 cinno
164 1518 314 1581 accepimus.
327 1515 451 1564 Ferebnnt
463 1518 578 1581 plerique
587 1533 602 1564 (t
611 1517 688 1564 etiam
698 1516 754 1582 paci
764 1516 924 1573 consultum,
936 1513 979 1561 di·

11 1592 13 1595 ’
45 1618 50 1626 ·
79 1590 178 1655 tempti
188 1589 344 1637 emulatione
354 1590 418 1637 inter
432 1588 510 1649 duos,
523 1591 707 1654 quorumblter
720 1606 745 1638 se
756 1588 858 1638 lratrem
869 1590 982 1652 impera-

11 1722 13 1728 ,
78 1664 158 1723 toris,
170 1664 234 1713 alter
246 1674 389 1711 consortem
401 1665 501 1729 imperii
512 1664 633 1728 cogitaret
643 1680 668 1713 u.
680 1662 728 1711 Sed
740 1663 861 1713 Vitellius
870 1660 980 1709 consulis

11 1758 15 1766 Δ
78 1738 230 1803 supplicium
246 1738 362 1803 poscenti
378 1740 473 1803 populo
489 1739 599 1798 restitit,
615 1739 743 1804 placatus,
762 1754 790 1785 ac
807 1737 878 1784 relut
894 1734 977 1782 vicem

11 1812 19 1839 ⁴³
76 1811 284 1876 reddens,¹qudd
302 1813 515 1876 interrogantibus
530 1814 609 1872 «quis
622 1811 776 1874 Capitolium
786 1808 963 1875 incendisset»
969 1845 981 1868 ,

76 1901 107 1934 se
125 1902 196 1934 reum
211 1886 311 1936 Atticus
326 1885 463 1934 obtulerat.
474 1882 559 1947 reque
571 1880 741 1946 confessione,
752 1884 804 1930 sive
816 1893 903 1948 aptum
913 1893 982 1930 tem-

77 1958 134 2022 pori
144 1958 300 2023 mendacium
311 1958 368 2013 suit‚
378 1954 498 2007 invidiam
509 1957 653 2021 crimenque
661 1953 801 2019 agnoviase,
812 1951 982 2020 stipantibus

12 2034 15 2065 ἵ
78 2028 179 2080 Vitellii
190 2032 304 2082 amolitus
316 2029 460 2079 ridebatur.
553 2048 555 2054 ’

12 2110 13 2117 ’
112 2101 232 2154 LXXVI.
247 2105 339 2153 lisdem
354 2103 444 2153 diebus
459 2102 490 2152 L.
506 2102 643 2161 Vitellius,
660 2100 750 2169 positis
767 2097 834 2165 apud
849 2099 984 2147 Feroniam

79 2170 183 2233 cistris,
195 2177 289 2226 excidio
301 2178 439 2227 Tarracina
451 2176 616 2237 imminebat3
631 2175 723 2243 clausis
737 2173 788 2221 illic
804 2171 985 2236 gladiatoribus

82 2248 282 2314 remigibusque,
296 2254 400 2317 quinon
411 2250 497 2317 egredi
507 2250 598 2300 moenia
604 2286 613 2313 ,
623 2265 704 2315 neque
712 2247 853 2314 periculum
862 2246 888 2293 in
897 2254 984 2310 aperto

81 2321 220 2373 audebant.
233 2327 351 2391 Praeerat,
364 2339 393 2375 ut
411 2324 486 2393 rupti
497 2323 709 2386 memoravimus,
727 2320 841 2370 lulianus
854 2318 982 2385 gladiato·

63 2389 167 2466 ribus,
182 2398 335 2466 Apollinaris
349 2401 500 2466 remigibus,
516 2400 619 2449 lascivis
633 2394 799 2459 socordiaque
814 2394 983 2461 gladiatorum

78 2474 159 2537 tnagis
166 2509 174 2533 ,
184 2474 260 2540 quim
270 2476 361 2524 ducum
374 2476 476 2524 similes.
488 2475 546 2524 Non
557 2473 656 2538 uigilias
666 2487 750 2536 agere,
762 2485 813 2521 nou
826 2470 906 2516 intuta
918 2484 986 2514 moe·

77 2548 150 2596 nium
163 2548 278 2608 firmare,
292 2561 369 2598 noctu
382 2549 471 2614 dieque
482 2549 560 2608 fluxi,
575 2560 601 2596 et
614 2547 710 2595 arduena
721 2545 834 2593 littorum
846 2556 986 2607 personan-

78 2631 134 2678 tes,
154 2623 182 2667 in
193 2621 360 2670 ministerium
375 2623 451 2671 luxds
470 2621 588 2686 dispersis
602 2619 742 2674 militibus,
760 2616 790 2662 de
806 2615 874 2661 bello
886 2611 986 2659 tantum

75 2695 147 2743 inter
159 2693 464 2759 convivialoquehantur.
473 2692 570 2742 Paucos
580 2702 638 2738 unte
653 2689 706 2737 dies
719 2687 866 2735 discesserat
879 2685 988 2750 Apinius

76 2766 160 2825 Tir03
174 2762 294 2830 donisque
303 2783 333 2818 ,sc
347 2768 461 2841 pecuniis
478 2764 565 2815 acerbis
577 2779 622 2828 per
638 2761 777 2825 municipia
789 2756 986 2823 conquirendis,

73 2842 139 2910 plus
149 2841 247 2890 invidia
258 2840 332 2905 quim
342 2847 434 2897 virium
444 2841 558 2907 portibus
567 2836 684 2886 addebat.

106 2913 240 2965 LXXVII.
249 2906 987 2972 luter-imadL.VitelliumservutVerginiiCapitonisper·

68 2987 344 3056 fitgit,pollicitrrsque,
352 2993 392 3039 «si
401 2988 545 3055 praesidium
555 2987 689 3050 acciperet,
695 2997 799 3033 vacuam
807 2996 889 3028 arcem
898 2979 985 3029 furtim

68 3052 226 3109 tradituium
236 3080 251 3111 u
264 3100 272 3122 ,
284 3062 366 3112 multi
375 3074 449 3110 nocte
459 3061 576 3110 cobortes
586 3055 730 3123 expeditas,
744 3055 847 3103 summis
859 3053 987 3101 montium

65 3129 151 3197 jugis,
165 3149 238 3201 super
249 3148 338 3201 *caput
349 3135 460 3183 bostium
476 3135 557 3182 sistit:
571 3131 630 3180 inde
646 3129 720 3177 miles
735 3126 767 3175 ad
782 3126 875 3175 casdem
890 3126 986 3188 magis,

64 3206 146 3271 quim
155 3207 186 3255 ad
196 3225 314 3274 pugnam
322 3209 434 3258 decurrit
446 3219 578 3257 :sternunt
588 3209 707 3259 inermes,
718 3214 762 3250 aut
770 3218 838 3250 arma
847 3202 985 3265 capientes,

62 3290 91 3327 et
101 3281 228 3343 quosdam
242 3300 334 3332 somno
348 3283 443 3331 excitus
454 3303 460 3343 3
474 3299 551 3345 quum
560 3279 687 3336 tenebris,
699 3291 793 3341 pavore
800 3310 808 3335 ,
819 3274 902 3322 sonitu
913 3272 988 3320 tuba·

61 3369 136 3412 rum,
147 3354 260 3403 clamore
269 3354 316 3405 bos
327 3357 366 3404 tili
381 3355 552 3404 turbarentur.
564 3354 641 3401 Pauci
651 3349 817 3416 gladiatorum
826 3348 968 3399 resistent&
975 3382 984 3407 ,
1026 3357 1031 3363 “

61 3440 147 3497 neque
160 3425 236 3477 inulti
252 3428 366 3481 cecidere
384 3445 390 3476 ι
406 3428 484 3487 ceteri
498 3427 532 3478 nd
544 3442 620 3478 nares
632 3423 754 3485 ruebant,
767 3420 812 3471 ubi
827 3429 916 3479 cuncta
931 3417 985 3486 pari
