2234 3817
321 194 581 246 'nraronrtnrst
603 208 670 249 urs.
684 204 730 261 tr.
935 202 987 272 373

75 291 222 343 eorumque
240 279 393 344 comitatus,
412 287 529 339 inhabilis
547 290 580 339 ad
595 292 745 357 parendum,
760 293 837 345 etiam
853 296 875 345 si
887 298 987 357 summa

71 352 207 406 modestia
220 369 359 422 regeretur.
375 350 522 415 unet-mint
534 367 724 417 multitudinem
739 370 809 418 obvii
821 388 852 420 ex
866 372 928 431 urbe
943 389 986 422 ae-

66 441 178 479 natores
187 431 350 494 equitesque:
360 435 464 499 quidam
470 450 540 488 metu
546 479 555 503 ‚
566 440 640 490 multi
645 461 690 508 per
699 443 869 493 adulationem
879 448 986 505 ‚eeteri,

65 517 99 550 ae
112 503 238 568 paulatim
251 521 353 566 omues,
365 524 413 571 neq
425 511 729 576 aliisproliciscentibus,
745 519 794 583 ipsi
811 531 982 572 remanerent.
1008 568 1010 571 .

65 571 285 640 Aggregebautur
300 577 313 625 ὲ
330 581 405 645 plebe
420 583 544 649 flagitiosis
563 604 608 652 per
623 590 742 653 obsequia
753 592 857 641 Vitellio
871 593 984 657 cogniti,

65 663 177 705 neumae,
189 646 340 710 histriones,
354 655 457 720 aurigae,
473 658 563 722 quibus
580 661 622 709 ille
636 665 802 714 amicitiarum
816 665 981 716 deshonesta-

65 723 168 770 mentis
179 722 243 771 mire
253 725 388 790 gaudebat.
400 730 454 779 Nec
467 733 569 782 coloniae
580 736 674 795 modb,
689 749 733 786 aut
746 742 898 806 municipia,
915 757 982 789 cou-

47 800 51 807 ‘
65 809 147 860 gestu
156 798 298 863 cupiarum,
309 800 354 848 sed
366 803 414 868 ipsi
425 806 543 867 cultores,
552 825 671 874 arvaque,
680 815 786 863 maturis
795 813 846 876 jam
856 815 981 882 frugibus,

64 881 99 918 ut
110 868 207 918 hostile
219 871 303 920 solum
314 874 488 927 vastabuntur.
528 910 530 914 ,
904 914 908 917 ·

92 943 284 1014 xLXXXVIII.
305 948 392 997 blultae
408 962 433 998 et
448 963 546 1004 atroces
561 956 628 1006 inter
643 975 669 1008 se
684 959 796 1010 militum
806 961 903 1025 eadee,
920 962 979 1030 post

5 1039 6 1042 ¹
55 1015 224 1066 ·seditionem
242 1018 327 1068 Ticini
343 1034 471 1087 coeptam:
493 1024 612 1079 nraueute'
629 1033 757 1098 legionum
774 1036 979 1100 auxiliorumque

64 1089 211 1155 ffiscordi3s3
221 1092 266 1141 ubi
274 1093 395 1146 adversus
408 1116 519 1165 paganos
529 1107 676 1157 certandum
689 1109 768 1167 leret,
783 1126 915 1159 consensu.
925 1107 978 1178 Sed

64 1165 181 1230 plurima
193 1178 290 1232 strages
301 1169 349 1226 ‚ad
357 1175 494 1238 septimum
506 1179 536 1227 ab
551 1182 612 1228 urbe
626 1184 750 1249 lapidem:
761 1186 865 1250 singulis
876 1186 910 1234 ibi
922 1185 976 1232 mi·

63 1237 158 1287 litibus
170 1240 292 1289 Vitellius
302 1254 403 1307 paratos
416 1247 501 1307 cibos,
512 1263 542 1299 ut
551 1253 728 1318 gladiatoriam
738 1259 864 1323 saginam,
875 1257 977 1306 diride-

64 1311 115 1360 bttt
127 1329 133 1359 ι
146 1314 257 1364 et‘ell'usa
267 1318 354 1383 plebes
363 1324 425 1372 totis
433 1341 460 1373 se
473 1328 562 1378 castris
570 1332 713 1384 miscuerat.
722 1333 865 1384 Iucuriosos
872 1334 977 1394 milites,

63 1388 204 1437 vernaculi
213 1425 220 1447 ,
230 1403 258 1440 ut
269 1394 403 1465 rebantur,
418 1399 576 1461 urbanitate,
588 1407 693 1470 quidam
706 1409 859 1475 spoliavere,
872 1407 975 1456 abscisis

64 1459 160 1511 bartim
175 1465 276 1528 balteis,
288 1487 326 1519 an
339 1462 578 1549 acdncti‘sorent,
589 1482 736 1546 rogitantes.
752 1485 812 1533 Non
827 1484 888 1534 tulit
901 1481 975 1531 ludi·

64 1534 156 1585 hrium
174 1538 284 1590 incolent
298 1546 458 1595 contumeliae
476 1552 576 1600 animus
589 1571 594 1600 :
608 1556 729 1606 inermem
744 1559 868 1624 populum
882 1556 974 1622 gladiis

65 1606 184 1660 invasere
196 1629 286 1662 :cesus
301 1616 366 1666 inter
384 1621 445 1669 alios
459 1627 643 1690 pater'militis,
653 1649 732 1695 quum
742 1633 825 1682 filium
837 1632 974 1681 comitare·
1017 1669 1020 1676 .
1041 1681 1045 1699 λ

64 1693 122 1747 tur3
144 1684 235 1734 deinde
249 1690 363 1759 agnitum
376 1704 402 1740 et
413 1696 512 1762 vulgati
525 1700 604 1761 cede,
622 1699 790 1771 temperatum
806 1707 838 1755 ab
851 1704 972 1773 innoxiis.

63 1754 96 1805 ln
105 1759 170 1829 urbe
182 1770 265 1809 tamen
277 1764 439 1828 trepidaturn,
451 1776 661 1834 procurrentibus
672 1780 766 1842 passim
776 1780 909 1828 militibus.
919 1781 972 1830 Fo-

28 1842 38 1848 ·
61 1845 122 1879 rum
140 1832 251 1882 marimb
266 1838 401 1900 petebant,
413 1841 536 1904 cupidine
550 1849 648 1893 visendi
665 1851 763 1905 locum,
780 1854 806 1899 iu
822 1867 872 1914 quo
888 1851 971 1899 Galba

64 1903 195 1968 jacuissetr
208 1907 262 1954 Nee
274 1910 358 1960 mimis
373 1927 466 1959 surum
480 1902 652 1977 spectaculum
664 1934 734 1969 erant
744 1923 803 1986 ipsi,
814 1925 891 1985 tergis
901 1926 971 1973 lera-

65 1994 127 2029 rum
148 1989 174 2027 et
192 1980 333 2046 ingentibus
356 1986 417 2044 telis¹
431 1984 578 2045 horrentes,
600 2006 678 2052 quum
696 1995 798 2042 turbam
815 1998 903 2060 populi
924 2015 971 2062 per

65 2053 194 2103 inscitiam
208 2071 294 2120 parum
304 2061 431 2121 vitarent,
442 2069 496 2120 aut,
511 2059 554 2108 ubi
567 2060 665 2111 lubrico
675 2065 734 2123 vie,
748 2070 788 2115 tel
799 2083 905 2117 occursu
919 2072 970 2119 ali-

45 2176 48 2193 ,
65 2127 139 2191 cujus
150 2128 331 2196 procidissent,
343 2129 375 2179 ad
386 2131 510 2195 iurgium,
521 2147 580 2179 mox
591 2132 624 2180 ad
634 2152 723 2198 manus
732 2137 860 2185 etlerrum
872 2142 970 2188 transi·

63 2212 133 2251 rent.
146 2202 215 2266 Quin
229 2213 256 2250 et
268 2203 364 2252 tribuni
375 2204 532 2269 praefectique
542 2220 600 2252 etun
613 2218 708 2260 terrore
722 2223 748 2260 et
757 2224 912 2263 armatorum
924 2213 969 2263 ca-

63 2277 144 2325 terris
154 2278 301 2327 volitabant.
700 2281 707 2297 ¹

96 2352 244 2402 LXXXIX.
263 2353 321 2417 lpse
330 2354 464 2416 Vitellius,
475 2357 490 2407 i
506 2356 584 2426 ponte
596 2363 701 2431 Milvio,
712 2364 810 2430 xxinsigni
824 2381 902 2430 equo,
918 2381 968 2432 pa·

10 2418 12 2422 '
63 2424 167 2474 ludatus
176 2428 352 2492 accinctusque
358 2440 486 2491 ,senatum
497 2447 521 2485 et
530 2434 653 2503 populum
662 2451 720 2487 aute
732 2456 852 2504 seagcns,
862 2441 968 2505 quomi⁶

62 2517 126 2563 nus,
146 2506 176 2549 ut
191 2513 302 2567 captam,
320 2504 407 2555 urbem
419 2509 608 2576 ingrederetur,
620 2515 873 2563 amicorumconsilio
884 2514 970 2562 deter-

35 2600 38 2611 ι
63 2574 127 2622 ritus
136 2609 143 2634 ‚
153 2577 254 2640 sumpts
264 2579 396 2641 praetexti,
409 2594 435 2632 et
445 2591 589 2653 composito
600 2590 714 2652 agmine,
725 2590 836 2638 incessit¹
852 2588 968 2649 Quatttor

62 2646 196 2712 legionum
208 2650 294 2709 squilte
305 2666 348 2713 per
359 2652 485 2718 frontem,
497 2661 654 2722 totidemque
663 2661 729 2707 circa
737 2654 752 2707 ἔ
761 2659 901 2723 legionibus
912 2659 973 2708 aliis*

63 2719 176 2775 vexilla,
187 2734 247 2768 mox
258 2716 390 2775 duodecim
400 2731 497 2778 alarum
511 2733 594 2796 signa3
611 2743 708 2795 etpost
721 2731 836 2796 peditum
851 2731 967 2795 ordines,
1019 2754 1021 2757 ·

63 2808 160 2858 eques:
175 2793 233 2842 dein
250 2810 358 2860 quatuor
374 2813 398 2850 et
415 2805 517 2868 triginta
536 2799 663 2860 cobortes,
680 2816 707 2852 ut
721 2807 825 2852 uomina
839 2805 966 2867 gentium,

63 2878 109 2916 aut
125 2869 366 2934 speeies‘armorum
383 2874 481 2936 forent,
502 2877 625 2928 discretae.
643 2877 710 2927 Ante
730 2877 840 2943 aquilam
858 2875 969 2942 praefecti
1019 2937 1023 2942 Ι

62 2952 205 2989 castrorum
223 2941 382 3010 tribunique,
402 2962 427 2998 et
446 2953 523 3015 primi
542 2953 733 3017 centurionum,
754 2949 860 3001 eandltld
877 2961 966 2999 teste:
998 2986 1002 2995 .

61 3017 139 3063 ceteri
150 3015 221 3079 juxta
235 3034 306 3066 suam
320 3021 427 3084 quisque
443 3020 595 3085 centuriam,
608 3028 684 3075 armis
698 3026 819 3090 donisque
833 3023 968 3093 fulgentes.

62 3085 96 3143 Et
111 3088 224 3137 militum
241 3091 350 3156 phalerae
358 3102 531 3162 ‚torquesque
544 3100 726 3167 splendebant:
741 3101 831 3150 deeora
841 3097 931 3162 iacies,
942 3108 970 3146 ct

62 3177 115 3211 uon
126 3161 232 3211 Vitellio
242 3166 358 3232 principe
370 3164 461 3232 dignus
471 3174 655 3223 exercitusstc
665 3174 967 3242 Capitoliumiogressus,

62 3246 138 3305 etque
151 3241 188 3290 lbi
200 3242 308 3292 matrem
321 3243 464 3308 amplexus,
477 3247 596 3312 Auguste
606 3250 708 3298 nomine
719 3249 861 3299 bonoravit.
892 3306 895 3313 ,

91 3311 151 3365 XC.
169 3315 274 3365 Posteri
296 3314 354 3373 die,
374 3326 492 3380 tanquam
513 3320 580 3384 apud
598 3322 701 3370 alterius
719 3324 829 3372 civitatis
852 3331 968 3377 senatum

30 3376 33 3381 ’
62 3389 256 3452 populumque,
269 3387 428 3451 magnificam
441 3391 580 3441 orationem
591 3393 623 3443 de
632 3397 766 3461 semetipso
775 3393 911 3461 prompsit.
924 3389 974 3438 lss-'

62 3459 186 3515 dustriam
206 3463 449 3532 temperantiamque
469 3480 540 3518 susm
562 3466 679 3521 laudibus
704 3469 838 3532 attollens5
859 3463 973 3532 consciis¹
