2234 3817
126 100 177 175 598
440 118 464 157 e.
487 119 582 156 coar.
604 115 720 157 raeiri

126 198 267 250 constantii
276 211 406 266 perruptas
416 192 666 266 Alpes,'occupatam
677 198 790 257 Italiam,
806 198 957 265 intercepta
975 196 1040 261 Ger·

41 300 46 309 ·
126 289 262 323 manorum
283 277 463 339 Roetorumque
483 275 585 323 auxilia.
606 274 684 339 Qubd
706 272 841 323 discordes
862 272 1044 338 dispersasque

128 347 226 398 Vitellii
239 350 349 415 legiones
367 350 477 413 equestri
495 349 622 415 procelli,
634 366 693 396 mos
711 349 830 414 peditum
849 348 891 406 vi,
909 362 958 411 per
976 343 1042 391 diem

126 433 292 485 noctemque,
307 421 410 471 fudisset
419 457 427 480 ,
446 420 473 469 id
492 421 709 486 pulcherrimum,
725 432 750 468 et
766 422 809 468 sui
827 419 932 485 operis.
951 418 1042 466 Casum

124 495 254 542 Cremonae
267 495 334 543 bello
350 494 527 559 imputandum
540 512 545 543 :
558 494 654 558 majore
672 494 782 554 damno,
797 494 924 560 plurium
940 489 1042 538 orbium

125 566 247 627 excidiis,
260 579 355 617 veteres
368 568 465 615 civium
482 567 623 616 discordias
637 567 781 633 reipublice
798 568 921 615 stetisse.
940 565 999 612 Non
1016 575 1041 613 ε*

123 640 234 700 nuntiis,
249 656 329 704 neque
342 640 475 703 epistolis,
486 640 532 689 sed
544 657 622 689 mauu
634 652 660 688 et
671 642 747 688 armis
757 640 920 706 imperatori
931 653 978 686 suo
990 638 1041 684 mi·

121 711 194 760 litare
207 729 213 759 τ
231 729 313 779 neque
329 698 523 778 officeregloriae
534 731 642 777 eorum,
656 716 698 778 qui
708 714 794 762 Asiam
810 714 925 761 interim
935 725 1040 773 compo·

121 785 231 834 suerint:
243 787 294 834 illis
308 785 401 836 Moesia
412 803 519 853 pacem,
530 788 580 836 sibi
592 788 699 835 salutem
709 787 934 849 securitatemque
945 782 1035 836 italie,

119 860 192 908 cordi
202 862 289 925 luisse.
304 864 359 912 Suis
371 863 592 913 exltortetionihus
603 863 697 911 Gallias
708 863 906 927 Hispaniasque
917 897 923 918 ,
933 856 1049 915 validis·-

118 935 209 983 simam
225 948 348 985 terrarum
362 947 478 1003 partein,
491 937 523 985 ad
536 937 721 1003 Vespasianum
736 954 891 985 conversas.
912 931 962 982 Sed
975 928 1043 978 ceci«.

120 1005 186 1057 disse
198 1011 223 1057 iu
232 1012 334 1081 irpitum
344 1010 453 1072 labores,
463 1012 484 1058 si
492 1012 594 1076 praemia
605 1009 776 1076 periculorum
786 1009 840 1059 soli
852 1009 1037 1070 adsequantur,

119 1083 163 1145 qui
176 1085 294 1148 periculis
308 1101 358 1132 non
370 1084 529 1134 adfuerint».
544 1086 596 1133 Nec
609 1083 724 1147 ,terelle-e
743 1082 950 1133 ea⁸Mucianum
961 1098 967 1127 ε
980 1077 1036 1126 inde

104 1195 107 1199 .
120 1171 208 1223 graves
219 1159 375 1217 simultates3
388 1175 448 1223 quas
460 1158 588 1208 Antonius
599 1156 754 1226 simplicius,
767 1157 914 1207 Mucianus
928 1150 1033 1211 callide,

119 1227 200 1294 eisque
211 1230 394 1299 implacabilius
406 1235 540 1282 nutriebat.

150 1302 219 1356 LIV.
247 1307 282 1355 At
298 1306 432 1369 Vitellius,
452 1307 538 1356 fractis
555 1307 624 1373 apud
640 1310 793 1359 Cremonam
811 1305 911 1360 rebus,
931 1301 1036 1350 nuntios

118 1375 197 1425 cladis
213 1382 355 1438 occultans,
373 1380 452 1428 stulti
472 1380 690 1444 dissimulatione,
706 1379 818 1431 remedia
837 1375 931 1443 potiris
947 1372 1033 1421 malo·

114 1466 172 1499 rum
178 1487 185 1509 ,
198 1452 272 1516 quim
282 1454 359 1512 mala,
369 1451 508 1504 differebat.
518 1455 618 1521 Quippe
628 1456 757 1505 confitenti
767 1451 981 1512 consultantique
992 1461 1035 1493 su·

114 1536 233 1588 perer-ant
246 1542 303 1592 spes
320 1529 435 1589 viresque
449 1545 454 1573 z
468 1544 548 1591 quum
561 1528 574 1575 ὲ
589 1529 715 1576 contrario
729 1528 784 1575 lae‘ta
797 1524 889 1572 omnia
903 1523 1031 1585 lingeret,

113 1594 182 1647 falsis
192 1597 390 1665 ingravescebat.
401 1598 497 1648 Mirum
507 1602 575 1666 apud
585 1604 668 1666 ipsum
678 1602 709 1649 de
721 1601 787 1647 bello
797 1598 935 1646 silentium
947 1613 954 1642 ε
967 1608 1030 1660 pro·

112 1666 190 1719 bibiti
201 1690 245 1738 per
254 1676 382 1724 civilatem
392 1688 531 1726 sermones,
543 1673 625 1734 eoque
636 1676 722 1736 plures
736 1690 743 1717 :
754 1688 799 1727 ac,
810 1674 830 1719 si
843 1673 957 1725 liceret,
970 1681 1030 1714 vera

113 1749 238 1795 narraturi
246 1783 253 1806 ,
261 1749 321 1817 quia
330 1747 486 1806 vetabantur,
496 1744 619 1791 atrociora
627 1744 799 1807 vulgaverant.
807 1744 863 1789 Nec
871 1742 956 1788 duces
965 1741 1029 1788 lios·

114 1818 179 1865 tium
196 1820 314 1884 erigenda
330 1821 399 1869 samse
414 1819 530 1874 deerant,
545 1828 631 1882 captos
642 1816 742 1865 Vitellii
753 1816 948 1880 exploratores,
968 1814 1028 1859 cir·

115 1893 331 1958 cumductosque,
347 1908 376 1943 ut
387 1895 478 1942 robora
498 1892 602 1940 victoris
616 1890 746 1947 ,exercitos
759 1899 897 1937 noscerent
908 1923 915 1943 ,
926 1885 1028 1933 remit·
1096 1926 1098 1933 .

115 1965 194 2013 tendo
212 1985 217 2014 :
237 1985 299 2032 quos
317 1985 405 2017 omnes
421 1967 559 2025 Vitellius,
581 1963 677 2014 secreti)
695 1974 893 2031 percunctatus,
914 1957 1024 2007 interfici
1096 1941 1098 2021 i

112 2038 196 2104 jussit.
209 2042 321 2091 Notabili
332 2041 474 2090 constantii
488 2041 612 2103 centurio,
627 2039 708 2088 Julius
721 2039 840 2104 Agrestis,
853 2047 916 2101 post
928 2035 1024 2082 mtdtos

113 2128 254 2171 sermones,
265 2115 356 2179 quibus
365 2115 502 2163 Vitellium
512 2114 545 2162 ad
554 2117 676 2163 virtutem
686 2112 776 2162 frustra
786 2112 952 2167 accendebat,
965 2122 1023 2173 per·
1096 2124 1098 2157 t

112 2187 192 2249 pulit,
204 2199 233 2235 ut
242 2186 275 2234 ad
289 2189 354 2234 vires
366 2184 482 2234 hostium
495 2186 662 2251 spectandas,
677 2203 780 2252 quaeque
789 2186 857 2254 apud
867 2190 1019 2236 Cremonam

110 2270 167 2306 acto
179 2257 272 2314 forent,
284 2261 337 2322 ipse
347 2259 503 2308 mitteretur.
515 2260 567 2307 Nec
577 2262 751 2324 exploratione
759 2260 859 2309 occulta
869 2258 958 2309 fallere
968 2255 1020 2303 Au·
1089 2252 1096 2301 ,i

111 2333 210 2380 tunium
224 2331 344 2384 tentavit,
361 2330 406 2376 sed
420 2348 435 2376 «
447 2331 566 2380 mandata
577 2335 738 2398 imperatoris
748 2352 874 2399 suumque
886 2334 1014 2384 animumn
1093 2319 1096 2429 Ι

26 2428 30 2437 ¹
110 2404 243 2469 professus,
258 2414 309 2449 out
322 2413 411 2450 cuncta
423 2404 516 2451 viseret
524 2420 550 2465 t),
562 2407 683 2469 postulat.
694 2408 777 2460 Missi,
786 2410 829 2470 qui
838 2409 929 2457 locum
938 2402 1015 2471 praelii,

112 2477 240 2524 Cremonae
251 2478 373 2540 vestigia,
386 2488 471 2540 captas
483 2478 596 2540 legiones
609 2477 782 2528 ostenderent.
797 2480 921 2545 Agrestis
932 2480 961 2531 ad
970 2479 1014 2527 vi·
1092 2492 1094 2525 t

109 2550 209 2597 telliuni
222 2551 354 2608 remeavit,
368 2551 537 2612 abnuentique
548 2564 630 2597 «vera
643 2564 696 2597 esse
708 2566 763 2613 quae
780 2556 896 2607 adieri-et
904 2575 934 2619 n,
946 2566 1012 2617 atque
1092 2554 1094 2589 l

111 2625 180 2672 ultro
192 2635 379 2690 «corrupturus
391 2625 521 2689 arguenti,
532 2622 791 2690 aquandoquidemn,
801 2627 897 2695 inquit,
910 2641 1012 2692 «magno
1092 2660 1093 2665 ,

112 2696 267 2745 documento
279 2713 343 2763 opus
356 2707 407 2756 est,
419 2711 466 2743 nec
477 2697 539 2743 alius
550 2695 600 2757 iam
610 2697 656 2743 tibi
666 2711 709 2745 aut
719 2699 790 2756 vite,
800 2715 844 2751 aut
856 2705 946 2753 mortis
956 2713 1011 2748 mee

112 2783 187 2829 usus,
200 2769 266 2817 dabo
282 2770 324 2816 cui
340 2768 451 2817 credas»
468 2778 562 2831 :atque
578 2769 611 2815 ita
626 2768 766 2833 digressus,
781 2776 920 2825 voluntarii
935 2783 1011 2822 morte

112 2840 179 2889 dicta
198 2842 319 2891 firmavit.
333 2841 451 2905 Quidam
463 2844 545 2914 jussu
572 2843 680 2896 Vitellii·
700 2846 888 2918 interfluunt,-
909 2845 940 2894 de
963 2844 1009 2892 lide

112 2915 305 2977 constantiaque
317 2915 406 2964 eadem
416 2915 552 2964 tradidere.

146 2984 203 3032 LV.
221 2985 359 3045 Vitellius,
370 2989 421 3036 ute
432 3003 521 3037 somno
533 2988 645 3046 excitus,
657 3007 672 3038 <t
682 2992 697 3039 J
699 2993 779 3043 ulium
792 2995 911 3060 priscum,
922 3000 947 3038 et
956 2984 1003 3037 Al·

111 3055 224 3123 pheuum
246 3059 355 3123 Varum,
377 3076 435 3109 cum
455 3061 647 3126 quatuordecim
666 3070 788 3129 pretoriis
805 3068 961 3126 cohortibus,
980 3071 1003 3109 el

111 3131 230 3183 omnibus
250 3134 369 3196 'equiturn
387 3134 433 3181 alis
453 3135 568 3183 obsidere
586 3134 772 3200 Apenninumu
793 3140 870 3206 jubet.
888 3141 972 3189 Secuta
988 3132 1001 3180 ὲ

111 3203 222 3250 classicis
234 3204 307 3267 legio.
321 3205 371 3253 Tot
384 3208 462 3273 taillia
472 3218 636 3265 armatorum,
646 3211 711 3260 lecta
720 3215 790 3277 equis
801 3216 917 3279 virisque,
925 3213 944 3260 si
953 3207 999 3256 11⁰1

86 3324 92 3329 ,
110 3273 176 3320 alius
186 3273 262 3330 foret,
273 3276 402 3325 inserendo
410 3292 510 3342 quoque
519 3281 588 3327 bello
597 3285 656 3330 satis
668 3288 804 3350 pollebant.
815 3290 907 3338 Cetera
915 3284 999 3334 cotos»

27 3368 30 3372 -
108 3354 159 3403 tes,
173 3346 336 3400 adtuendam
349 3349 451 3417 urbem,
465 3354 494 3402 t..
506 3352 611 3405 Vitellio
620 3354 694 3408 fratri
702 3360 773 3410 date.
786 3360 842 3427 Ipse
850 3398 858 3423 ,
870 3359 994 3412 nihiltso-
