2234 3817
642 48 661 95 d

107 207 156 261 rau
193 240 204 261 .
410 217 436 257 c.
458 215 555 255 conr.
574 202 704 269 [saetas
726 248 730 255 .

108 301 218 352 decreta.
228 299 330 363 adiecit
341 297 461 348 Vitellius
474 300 617 351 sestertium
633 299 716 350 decies
727 300 845 370 Sosibi03
857 305 945 371 aquid
954 307 1021 357 Bri.

107 376 240 425 tarrnicum
253 372 395 438 preceptis,
411 371 546 421 Claudium
558 374 674 422 consiliis
686 374 815 437 juraretu.
830 381 941 444 Rogatus
953 396 1022 429 aen-

108 449 214 498 tentiam
226 458 253 496 et
261 447 344 511 Scipio
358 463 364 492 r
377 463 393 493 tt
401 444 486 511 Quum
497 446 597 509 iduma,
608 450 700 512 inquit,
712 449 764 498 «de
773 451 890 502 admissis
901 453 1019 518 Poppaea

108 523 228 582 sentiam,
244 519 314 585 quod
329 535 431 577 omnes,
447 530 536 585 putate
551 538 592 570 me
607 521 674 570 idem
690 521 788 583 dicere,
801 526 871 590 quod
889 543 1015 582 omuesu,

107 595 215 661 eleganti
227 595 426 660 temperamento
438 594 505 645 iuter
516 595 674 662 conjugalem
685 612 812 663 amorem,
826 612 852 650 et
861 599 1013 649 senatoriam
1071 638 1087 655 „

106 680 290 726 necessitatem.

137 748 173 798 V.
189 746 331 814 Continuus
344 747 403 797 inda
414 758 441 797 et
453 754 535 798 saevus
546 749 694 799 accusandis
705 751 757 800 reis
767 752 876 803 Suilius.
889 751 1016 815 multique

107 822 217 875 audacia
229 827 283 885 eius
294 823 377 871 umuli
390 841 396 871 z
411 838 468 871 nam
482 834 572 871 cuneta
583 824 668 889 legum
682 836 708 873 et
720 827 911 890 magistratuum
925 825 1015 872 munia

108 900 135 949 iu
144 914 169 946 sc
178 895 279 946 trahens
285 895 417 961 princeps,
427 896 559 944 materiam
569 898 699 961 praedandi
707 898 856 965 patefecerat
867 913 925 945 :nec
934 895 1014 959 quid-

107 987 184 1036 quam
191 968 297 1036 publiea
303 964 453 1020 mareistarn
462 971 548 1036 renale
556 971 732 1036 luit‚quirmad
740 965 1010 1035 vocatorumperfidla:

38 1040 57 1058 J
107 1043 171 1099 adeo
181 1054 209 1091 ut
217 1042 329 1101 Samius,
342 1041 447 1105 insignis
456 1058 533 1106 eques
542 1044 686 1101 Romanus,
696 1045 878 1109 quadringentis
889 1056 1011 1088 nummo-

107 1131 165 1168 rum
174 1114 287 1163 millibus
292 1113 371 1162 Suilio
378 1113 452 1169 detis,
461 1115 593 1180 etcognitri
602 1119 813 1183 praevaricatione.
824 1115 889 1164 lerro
896 1114 920 1161 in
928 1111 1011 1162 domo

108 1188 162 1253 ejus
170 1185 322 1234 incubuerit.
329 1187 417 1249 Igitur,
426 1187 563 1253 incipiente
570 1190 600 1241 C.
605 1191 676 1251 Silio,
685 1191 928 1249 eonsuladesignato,
936 1185 1012 1247 cuius
1037 1178 1041 1189 ¹

108 1260 141 1314 de
151 1257 264 1327 potentii
276 1269 301 1306 et
309 1258 389 1309 exitio
402 1261 428 1308 in
441 1273 556 1328 tempore
568 1267 732 1324 memorabo,
749 1275 899 1328 consurgunt
909 1273 1013 1326 patres,

104 1333 239 1400 legemque
245 1331 358 1381 Cinciam
366 1333 480 1398 flagitant
491 1356 498 1399 3
511 1337 560 1399 qut
574 1352 677 1388 cavetur
685 1336 839 1404 antiquitirs,
850 1351 901 1385 ane
912 1332 968 1399 quis
976 1332 1013 1382 ob

107 1423 209 1456 causam
225 1405 345 1454 orandam
358 1408 491 1472 pecuniam
505 1408 634 1460 donumve
647 1414 755 1476 accipiat
765 1431 790 1460 n.

138 1481 185 1528 Vl.
194 1478 303 1538 Deinde,
310 1479 665 1546 obstrepentibusbis,quibus
670 1483 859 1531 eacontumelia
864 1481 1012 1548 parabatur,

107 1552 205 1603 discors
216 1549 297 1598 Suilio
310 1551 386 1598 Silius
395 1552 486 1601 acriter
497 1552 628 1611 incubuit,
642 1567 774 1603 «ueterum
782 1566 912 1612 oratorum
923 1569 1015 1601 exem-

106 1626 150 1693 pla
156 1641 171 1671 u
180 1621 304 1679 referens,
317 1624 380 1686 aqui
393 1623 483 1677 lamam
492 1626 519 1675 in
527 1639 657 1692 posteros,
667 1629 769 1693 prumia
780 1626 929 1690 eloquentia
937 1627 1013 1688 cogi·

105 1699 229 1746 sevissent
243 1694 414 1763 pulcherrima
428 1714 435 1744 :
450 1698 563 1764 alioquin
578 1713 604 1749 et
616 1701 740 1749 bonarum
759 1701 854 1748 artium
867 1698 1007 1763 principem

106 1769 215 1823 sordidis
229 1767 377 1816 ministeriis
389 1768 491 1835 ledar13
507 1789 538 1821 ue
550 1772 628 1821 fidem
640 1772 744 1836 quidem
755 1773 876 1834 integram
888 1783 990 1817 manera
1000 1776 1019 1827 ,'

105 1845 152 1895 ubi
163 1840 458 1908 magnitudoqutestuum
471 1850 626 1907 spectentur
637 1864 642 1894 :
653 1842 721 1909 qudd
733 1845 754 1893 si
766 1844 792 1893 iu
804 1844 898 1892 nullius
907 1856 1011 1889 merce-

107 1918 165 1967 dem
179 1913 277 1981 negotia
290 1924 425 1971 tueantur,
436 1917 555 1982 pauciora
570 1918 623 1967 lose
636 1935 642 1965 :
654 1935 721 1969 nuuc
734 1916 894 1977 inimicitias,
904 1930 1012 1962 accusa-

104 1993 201 2048 tiones,
212 1987 283 2047 odia,
292 1988 431 2051 eliniurias
441 1989 523 2055 foveri
529 2027 536 2050 ,
545 2003 588 2055 ut,
597 1991 725 2056 quomodo
733 1987 1013 2052 vismorborumpretia

105 2064 277 2123 medentibus,
287 2065 323 2113 sio
332 2061 380 2124 lori
391 2063 460 2112 talias
470 2067 606 2130 pecuniam
616 2061 1015 2131 advocatislersttmemiaissent

106 2141 139 2190 C·
150 2139 250 2194 Asinii,
260 2148 286 2185 et
299 2136 438 2199 Messalla,
448 2153 477 2189 ac
488 2138 790 2199 recentiorumrArruntii
800 2149 825 2186 st
834 2134 960 2187 AEsernini
967 2150 974 2180 z
981 2132 1014 2181 ad

105 2228 204 2262 summa
212 2221 346 2275 provectos
355 2211 560 2290 incorruptiuitri
570 2225 596 2261 et
603 2211 719 2262 facundii
726 2232 750 2263 n.
761 2210 832 2260 Talia
841 2208 943 2256 dioente
950 2223 1014 2254 eon-

105 2285 160 2334 sule
179 2282 325 2345 designato,
339 2286 554 2349 consentientibus
570 2285 640 2342 aliis,
656 2286 793 2349 parabatur
807 2281 949 2334 sententia,
964 2277 1013 2342 quis

109 2358 183 2419 alege
194 2353 391 2419 repetundarum
404 2368 549 2408 tenerentur
555 2375 585 2422 ‘¹3
595 2372 675 2420 quum
681 2357 785 2418 Suilius,
795 2365 820 2401 et
827 2353 1014 2409 Cossutianus,

106 2438 133 2479 at
147 2427 239 2482 ceteri,
252 2426 294 2488 qui
309 2443 361 2475 nou
375 2427 500 2492 judicium
514 2428 623 2494 (quippe
634 2428 659 2474 iu
670 2422 831 2486 manliam)
845 2421 892 2467 8θᾶ
905 2436 1010 2484 poenam

104 2500 184 2555 statui
196 2496 327 2559 ridebant,
340 2500 533 2559 circumsistunt
545 2501 682 2558 cesarem,
694 2495 818 2551 anteacta
831 2491 1011 2557 deprecantes.

104 2574 140 2630 Et
150 2583 283 2639 postquam
296 2574 398 2634 annuit,
413 2592 487 2640 agera
498 2574 631 2640 incipiunt.
723 2624 726 2628 ⁴

93 2652 98 2661 ”
136 2647 196 2697 VII.
209 2666 223 2696 a
230 2649 312 2711 Quem
323 2648 395 2699 illum
406 2650 472 2703 tanti
480 2646 597 2717 superbiri
604 2662 658 2695 esse
666 2683 672 2703 ‚
679 2655 709 2694 nt
717 2642 883 2693 aeternitatem
889 2639 959 2693 lame
966 2651 1013 2703 spa

103 2718 256 2788 praesumat?
268 2723 326 2772 usui
335 2732 359 2783 et
367 2723 442 2772 rebus
452 2723 592 2774 subsidium
600 2719 748 2795 praeparari,
758 2715 858 2779 nequis
868 2712 956 2780 iunpii
965 2712 1014 2761 ad·

106 2804 255 2865 vocatorum
263 2795 447 2859 potentioribus
457 2796 584 2847 obnoxius
595 2795 629 2843 sit
638 2813 645 2843 a
654 2809 736 2858 neque
744 2802 829 2839 tamen
840 2788 1014 2850 eloquentiam

107 2865 219 2932 gratuito
230 2865 375 2929 contingere
386 2883 392 2914 ι
403 2869 489 2920 oruitti
500 2866 728 2924 curasJamiliaris,
739 2864 830 2926 utquis
838 2875 865 2908 se
873 2860 959 2906 alienia
967 2874 1015 2906 ua-

103 2935 180 3002 gotila
186 2936 303 2985 intendat
311 2955 317 2984 ι
326 2940 422 2989 multos
430 2941 536 2998 militiis,
547 2940 671 3007 quosdam
679 2934 820 2988 exercendo
826 2949 898 2998 agros
906 2932 1015 2981 tolerate

35 3064 37 3069 Ι
105 3010 198 3061 vitam:
209 3005 293 3058 nihili
301 3024 428 3075 quoquam
440 3015 539 3081 expeti,
551 3018 602 3062 nisi
610 3016 681 3078 cuius
693 3007 855 3061 fruetusauti’
861 3003 1013 3070 9¹⁰V¹¹¹0¹lh

104 3076 187 3131 Facili
196 3078 313 3139 Asinium
321 3117 329 3145 ,
339 3096 365 3132 et
373 3085 531 3142 Messallam,
543 3086 611 3135 iuter
619 3086 759 3139 Antonium
768 3094 796 3130 et
805 3081 948 3144 Augustum
954 3076 1014 3124 bel·

104 3155 189 3206 lorum
198 3154 308 3223 ptumiis
315 3156 432 3216 refertos,
440 3170 484 3211 aut
492 3158 584 3209 ditium
593 3160 749 3212 familiarum
756 3147 861 3204 heredes
867 3150 1014 3205 mser-ninas

104 3239 130 3278 et
140 3225 285 3286 Arruntios,
297 3247 417 3296 magnum
428 3234 542 3283 animum
554 3232 682 3282 induisse:
697 3239 815 3298 prompta
827 3227 877 3275 sibi
886 3224 1014 3288 exempla,

104 3298 205 3361 quantis
214 3298 373 3350 mercedibus
381 3303 411 3350 P.
420 3298 523 3351 clodius
532 3313 577 3351 aut
586 3305 616 3355 C.
625 3305 702 3353 Curio
709 3300 855 3351 concionari
864 3297 932 3352 soliti
941 3298 995 3343 sint
1004 3311 1012 3342 ι

100 3383 132 3423 vsa
144 3367 257 3416 modicos
269 3382 413 3435 senatores3
423 3373 507 3434 quietis
519 3372 649 3435 republica
663 3366 732 3422 nulla
738 3407 747 3430 ,
758 3372 806 3417 nisi
816 3372 900 3435 pacis,
909 3369 1013 3416 emolu·

104 3448 191 3493 ιιιοιιιι
201 3449 298 3510 petere.
311 3441 439 3510 ungium
450 3440 567 3513 plebem,
580 3457 635 3512 qua
651 3444 710 3515 toga
721 3443 873 3498 enitesceret
886 3456 894 3494 a
907 3437 1019 3493 sublatis
