<?xml version="1.0" encoding="UTF-8"?>
<!DOCTYPE html PUBLIC "-//W3C//DTD XHTML 1.0 Transitional//EN"
    "http://www.w3.org/TR/xhtml1/DTD/xhtml1-transitional.dtd">
<html xmlns="http://www.w3.org/1999/xhtml" xml:lang="en" lang="en">
 <head>
  <title>
</title>
<meta http-equiv="Content-Type" content="text/html;charset=utf-8" />
  <meta name='ocr-system' content='tesseract 3.04.00' />
  <meta name='ocr-capabilities' content='ocr_page ocr_carea ocr_par ocr_line ocrx_word'/>
</head>
<body>
  <div class='ocr_page' id='page_1' title='image "./ccorntacitioper01brotgoog_0254.png"; bbox 0 0 2234 3817; ppageno 0'>
   <div class='ocr_carea' id='block_1_1' title="bbox 101 149 794 205">
    <p class='ocr_par' dir='ltr' id='par_1_1' title="bbox 101 149 794 205">
     <span class='ocr_line' id='line_1_1' title="bbox 101 149 794 205; baseline -0.007 0"><span class='ocrx_word' id='word_1_1' title='bbox 101 149 151 205; x_wconf 80' lang='lat'>250</span> <span class='ocrx_word' id='word_1_2' title='bbox 365 177 367 184; x_wconf 30' lang='grc' dir='ltr'>κ</span> <span class='ocrx_word' id='word_1_3' title='bbox 425 161 709 203; x_wconf 78' lang='lat' dir='ltr'>c.corrrr.rscrrr</span> <span class='ocrx_word' id='word_1_4' title='bbox 787 185 794 191; x_wconf 89' lang='lat'>-</span> 
     </span>
    </p>
   </div>
   <div class='ocr_carea' id='block_1_2' title="bbox 45 235 1026 3474">
    <p class='ocr_par' dir='ltr' id='par_1_2' title="bbox 45 235 1020 811">
     <span class='ocr_line' id='line_1_2' title="bbox 100 235 1017 313; baseline 0.002 -16"><span class='ocrx_word' id='word_1_5' title='bbox 100 246 217 298; x_wconf 76' lang='lat' dir='ltr'>iniamus</span> <span class='ocrx_word' id='word_1_6' title='bbox 226 245 337 303; x_wconf 78' lang='lat' dir='ltr'>Seneca,</span> <span class='ocrx_word' id='word_1_7' title='bbox 349 258 436 293; x_wconf 87' lang='lat' dir='ltr'>omnes</span> <span class='ocrx_word' id='word_1_8' title='bbox 445 241 477 291; x_wconf 84' lang='lat' dir='ltr'>ad</span> <span class='ocrx_word' id='word_1_9' title='bbox 487 260 544 293; x_wconf 86' lang='lat' dir='ltr'>eum</span> <span class='ocrx_word' id='word_1_10' title='bbox 557 242 755 311; x_wconf 80' lang='lat' dir='ltr'>opprimendum</span> <span class='ocrx_word' id='word_1_11' title='bbox 762 242 828 296; x_wconf 85' lang='lat' dir='ltr'>arbes</span> <span class='ocrx_word' id='word_1_12' title='bbox 836 235 1017 313; x_wconf 84' lang='lat' dir='ltr'>conquirebat.</span> 
     </span>
     <span class='ocr_line' id='line_1_3' title="bbox 100 317 1020 388; baseline 0.004 -18"><span class='ocrx_word' id='word_1_13' title='bbox 100 322 181 385; x_wconf 86' lang='lat' dir='ltr'>Tum,</span> <span class='ocrx_word' id='word_1_14' title='bbox 189 320 291 388; x_wconf 72' lang='lat' dir='ltr'>cognito</span> <span class='ocrx_word' id='word_1_15' title='bbox 298 318 393 367; x_wconf 81' lang='lat' dir='ltr'>Natalis</span> <span class='ocrx_word' id='word_1_16' title='bbox 403 317 509 375; x_wconf 90' lang='lat' dir='ltr'>iudicio,</span> <span class='ocrx_word' id='word_1_17' title='bbox 518 318 757 384; x_wconf 81' lang='lat' dir='ltr'>Sceviuusquoque,</span> <span class='ocrx_word' id='word_1_18' title='bbox 766 322 821 386; x_wconf 84' lang='lat' dir='ltr'>pari</span> <span class='ocrx_word' id='word_1_19' title='bbox 828 322 1020 385; x_wconf 71' lang='lat' dir='ltr'>imbecillitate,</span> 
     </span>
     <span class='ocr_line' id='line_1_4' title="bbox 103 392 1017 463; baseline 0.002 -20"><span class='ocrx_word' id='word_1_20' title='bbox 103 410 136 443; x_wconf 82' lang='lat' dir='ltr'>an</span> <span class='ocrx_word' id='word_1_21' title='bbox 145 406 234 442; x_wconf 87' lang='lat' dir='ltr'>cuncta</span> <span class='ocrx_word' id='word_1_22' title='bbox 240 392 290 458; x_wconf 89' lang='lat' dir='ltr'>jam</span> <span class='ocrx_word' id='word_1_23' title='bbox 297 392 545 458; x_wconf 78' lang='lat' dir='ltr'>patefactacredeus,</span> <span class='ocrx_word' id='word_1_24' title='bbox 554 408 601 441; x_wconf 89' lang='lat' dir='ltr'>nee</span> <span class='ocrx_word' id='word_1_25' title='bbox 611 392 793 442; x_wconf 89' lang='lat' dir='ltr'>ullumsilentii</span> <span class='ocrx_word' id='word_1_26' title='bbox 801 395 1017 463; x_wconf 82' lang='lat' dir='ltr'>emolumentum,</span> 
     </span>
     <span class='ocr_line' id='line_1_5' title="bbox 45 465 1015 532; baseline 0.004 -17"><span class='ocrx_word' id='word_1_27' title='bbox 45 495 49 504; x_wconf 86' lang='lat'>·</span> <span class='ocrx_word' id='word_1_28' title='bbox 102 465 184 517; x_wconf 86' lang='lat' dir='ltr'>edidit</span> <span class='ocrx_word' id='word_1_29' title='bbox 196 479 291 517; x_wconf 86' lang='lat' dir='ltr'>ceteros</span> <span class='ocrx_word' id='word_1_30' title='bbox 307 484 313 515; x_wconf 91' lang='lat'>:</span> <span class='ocrx_word' id='word_1_31' title='bbox 326 483 357 514; x_wconf 86' lang='lat' dir='ltr'>ex</span> <span class='ocrx_word' id='word_1_32' title='bbox 373 466 464 530; x_wconf 88' lang='lat' dir='ltr'>quibus</span> <span class='ocrx_word' id='word_1_33' title='bbox 475 465 610 527; x_wconf 81' lang='lat' dir='ltr'>ercanus,</span> <span class='ocrx_word' id='word_1_34' title='bbox 624 466 853 532; x_wconf 85' lang='lat' dir='ltr'>Quinctiauusque,</span> <span class='ocrx_word' id='word_1_35' title='bbox 870 481 896 518; x_wconf 89' lang='lat' dir='ltr'>et</span> <span class='ocrx_word' id='word_1_36' title='bbox 908 471 1015 521; x_wconf 84' lang='lat' dir='ltr'>Senecio</span> 
     </span>
     <span class='ocr_line' id='line_1_6' title="bbox 104 538 1016 606; baseline 0.002 -18"><span class='ocrx_word' id='word_1_37' title='bbox 104 539 148 589; x_wconf 92' lang='lat' dir='ltr'>diu</span> <span class='ocrx_word' id='word_1_38' title='bbox 159 540 277 589; x_wconf 77' lang='lat' dir='ltr'>abnuere.</span> <span class='ocrx_word' id='word_1_39' title='bbox 287 538 359 600; x_wconf 85' lang='lat' dir='ltr'>Pbst,</span> <span class='ocrx_word' id='word_1_40' title='bbox 372 539 495 605; x_wconf 72' lang='lat' dir='ltr'>promissa</span> <span class='ocrx_word' id='word_1_41' title='bbox 508 541 658 605; x_wconf 87' lang='lat' dir='ltr'>impunitate</span> <span class='ocrx_word' id='word_1_42' title='bbox 669 541 796 606; x_wconf 80' lang='lat' dir='ltr'>corrupti,</span> <span class='ocrx_word' id='word_1_43' title='bbox 806 542 856 604; x_wconf 85' lang='lat' dir='ltr'>qub</span> <span class='ocrx_word' id='word_1_44' title='bbox 869 541 1016 591; x_wconf 75' lang='lat' dir='ltr'>tarditatem</span> 
     </span>
     <span class='ocr_line' id='line_1_7' title="bbox 103 614 1016 683; baseline -0.009 -21"><span class='ocrx_word' id='word_1_45' title='bbox 103 626 264 673; x_wconf 77' lang='lat' dir='ltr'>excusarent,</span> <span class='ocrx_word' id='word_1_46' title='bbox 273 614 399 670; x_wconf 83' lang='lat' dir='ltr'>Lucanus,</span> <span class='ocrx_word' id='word_1_47' title='bbox 414 614 538 661; x_wconf 79' lang='lat' dir='ltr'>‹rAtillam</span> <span class='ocrx_word' id='word_1_48' title='bbox 547 626 654 662; x_wconf 85' lang='lat' dir='ltr'>matrem</span> <span class='ocrx_word' id='word_1_49' title='bbox 665 630 749 671; x_wconf 86' lang='lat' dir='ltr'>suam,</span> <span class='ocrx_word' id='word_1_50' title='bbox 760 616 946 683; x_wconf 74' lang='lat' dir='ltr'>Quinctianae</span> <span class='ocrx_word' id='word_1_51' title='bbox 956 614 1016 663; x_wconf 86' lang='lat' dir='ltr'>Gli.</span> 
     </span>
     <span class='ocr_line' id='line_1_8' title="bbox 103 686 1014 755; baseline -0.005 -15"><span class='ocrx_word' id='word_1_52' title='bbox 103 688 171 736; x_wconf 73' lang='lat' dir='ltr'>cium</span> <span class='ocrx_word' id='word_1_53' title='bbox 180 687 291 747; x_wconf 68' lang='lat' dir='ltr'>Gallum,</span> <span class='ocrx_word' id='word_1_54' title='bbox 299 690 411 741; x_wconf 80' lang='lat' dir='ltr'>Senecio</span> <span class='ocrx_word' id='word_1_55' title='bbox 416 686 529 736; x_wconf 84' lang='lat' dir='ltr'>Annium</span> <span class='ocrx_word' id='word_1_56' title='bbox 538 688 706 750; x_wconf 80' lang='lat' dir='ltr'>Pollibnemn,</span> <span class='ocrx_word' id='word_1_57' title='bbox 713 690 854 738; x_wconf 87' lang='lat' dir='ltr'>amicorum</span> <span class='ocrx_word' id='word_1_58' title='bbox 864 690 1014 755; x_wconf 85' lang='lat' dir='ltr'>praecipuos,</span> 
     </span>
     <span class='ocr_line' id='line_1_9' title="bbox 102 760 275 811; baseline -0.012 0"><span class='ocrx_word' id='word_1_59' title='bbox 102 760 275 811; x_wconf 79' lang='lat' dir='ltr'>nominavere.</span> 
     </span>
    </p>

    <p class='ocr_par' dir='ltr' id='par_1_3' title="bbox 102 832 1021 2005">
     <span class='ocr_line' id='line_1_10' title="bbox 136 832 1016 899; baseline -0.005 -12"><span class='ocrx_word' id='word_1_60' title='bbox 136 833 220 887; x_wconf 78' lang='lat' dir='ltr'><strong>LVII.</strong></span> <span class='ocrx_word' id='word_1_61' title='bbox 233 833 317 899; x_wconf 84' lang='lat' dir='ltr'>Atque</span> <span class='ocrx_word' id='word_1_62' title='bbox 327 832 429 883; x_wconf 85' lang='lat' dir='ltr'>interim</span> <span class='ocrx_word' id='word_1_63' title='bbox 443 834 523 898; x_wconf 76' lang='lat' dir='ltr'>Nero,</span> <span class='ocrx_word' id='word_1_64' title='bbox 534 832 681 883; x_wconf 86' lang='lat' dir='ltr'>reeordatus</span> <span class='ocrx_word' id='word_1_65' title='bbox 691 833 792 882; x_wconf 83' lang='lat' dir='ltr'>Volusii</span> <span class='ocrx_word' id='word_1_66' title='bbox 802 832 906 883; x_wconf 86' lang='lat' dir='ltr'>Proculi</span> <span class='ocrx_word' id='word_1_67' title='bbox 918 833 1016 883; x_wconf 85' lang='lat' dir='ltr'>indicio</span> 
     </span>
     <span class='ocr_line' id='line_1_11' title="bbox 103 897 1017 974; baseline -0.003 -16"><span class='ocrx_word' id='word_1_68' title='bbox 103 906 243 973; x_wconf 79' lang='lat' dir='ltr'>Epicharin</span> <span class='ocrx_word' id='word_1_69' title='bbox 253 909 371 965; x_wconf 90' lang='lat' dir='ltr'>attineri,</span> <span class='ocrx_word' id='word_1_70' title='bbox 381 920 501 974; x_wconf 83' lang='lat' dir='ltr'>ratusque</span> <span class='ocrx_word' id='word_1_71' title='bbox 510 908 633 957; x_wconf 80' lang='lat' dir='ltr'>muliebre</span> <span class='ocrx_word' id='word_1_72' title='bbox 643 923 735 973; x_wconf 83' lang='lat' dir='ltr'>eorpus</span> <span class='ocrx_word' id='word_1_73' title='bbox 743 901 824 974; x_wconf 87' lang='lat' dir='ltr'>impar</span> <span class='ocrx_word' id='word_1_74' title='bbox 833 897 930 965; x_wconf 86' lang='lat' dir='ltr'>dolori,</span> <span class='ocrx_word' id='word_1_75' title='bbox 939 917 1017 955; x_wconf 73' lang='lat' dir='ltr'>‹ctor-</span> 
     </span>
     <span class='ocr_line' id='line_1_12' title="bbox 102 980 1016 1046; baseline -0.003 -14"><span class='ocrx_word' id='word_1_76' title='bbox 102 983 198 1032; x_wconf 75' lang='lat' dir='ltr'>mentis</span> <span class='ocrx_word' id='word_1_77' title='bbox 208 981 364 1031; x_wconf 78' lang='lat' dir='ltr'>dilaceratis)</span> <span class='ocrx_word' id='word_1_78' title='bbox 376 982 456 1045; x_wconf 74' lang='lat' dir='ltr'>iubet.</span> <span class='ocrx_word' id='word_1_79' title='bbox 470 984 504 1033; x_wconf 81' lang='lat' dir='ltr'>Ar</span> <span class='ocrx_word' id='word_1_80' title='bbox 516 984 585 1031; x_wconf 86' lang='lat' dir='ltr'>illam</span> <span class='ocrx_word' id='word_1_81' title='bbox 596 998 647 1030; x_wconf 90' lang='lat' dir='ltr'>non</span> <span class='ocrx_word' id='word_1_82' title='bbox 661 980 780 1036; x_wconf 89' lang='lat' dir='ltr'>rerbers,</span> <span class='ocrx_word' id='word_1_83' title='bbox 796 996 847 1029; x_wconf 92' lang='lat' dir='ltr'>uon</span> <span class='ocrx_word' id='word_1_84' title='bbox 862 983 948 1046; x_wconf 77' lang='lat' dir='ltr'>ignes,</span> <span class='ocrx_word' id='word_1_85' title='bbox 960 996 1016 1029; x_wconf 90' lang='lat' dir='ltr'>non</span> 
     </span>
     <span class='ocr_line' id='line_1_13' title="bbox 104 1054 1017 1121; baseline -0.004 -16"><span class='ocrx_word' id='word_1_86' title='bbox 104 1056 143 1109; x_wconf 81' lang='lat' dir='ltr'>irs</span> <span class='ocrx_word' id='word_1_87' title='bbox 154 1056 185 1105; x_wconf 82' lang='lat' dir='ltr'>eb</span> <span class='ocrx_word' id='word_1_88' title='bbox 197 1055 279 1105; x_wconf 84' lang='lat' dir='ltr'>acribs</span> <span class='ocrx_word' id='word_1_89' title='bbox 293 1060 482 1121; x_wconf 83' lang='lat' dir='ltr'>torquentium,</span> <span class='ocrx_word' id='word_1_90' title='bbox 494 1074 526 1106; x_wconf 89' lang='lat' dir='ltr'>ne</span> <span class='ocrx_word' id='word_1_91' title='bbox 538 1055 551 1105; x_wconf 76' lang='lat' dir='ltr'>i</span> <span class='ocrx_word' id='word_1_92' title='bbox 564 1054 655 1105; x_wconf 76' lang='lat' dir='ltr'>femini</span> <span class='ocrx_word' id='word_1_93' title='bbox 667 1064 854 1121; x_wconf 70' lang='lat' dir='ltr'>spernerentur,</span> <span class='ocrx_word' id='word_1_94' title='bbox 868 1054 1017 1120; x_wconf 72' lang='lat' dir='ltr'>pervicere,</span> 
     </span>
     <span class='ocr_line' id='line_1_14' title="bbox 104 1129 1009 1200; baseline -0.004 -19"><span class='ocrx_word' id='word_1_95' title='bbox 104 1132 167 1197; x_wconf 83' lang='lat' dir='ltr'>quin</span> <span class='ocrx_word' id='word_1_96' title='bbox 180 1132 279 1195; x_wconf 81' lang='lat' dir='ltr'>objecta</span> <span class='ocrx_word' id='word_1_97' title='bbox 296 1131 440 1199; x_wconf 76' lang='lat' dir='ltr'>denegaret.</span> <span class='ocrx_word' id='word_1_98' title='bbox 454 1134 495 1183; x_wconf 82' lang='lat' dir='ltr'>Sic</span> <span class='ocrx_word' id='word_1_99' title='bbox 505 1133 603 1198; x_wconf 88' lang='lat' dir='ltr'>primus</span> <span class='ocrx_word' id='word_1_100' title='bbox 615 1132 758 1200; x_wconf 68' lang='lat' dir='ltr'>questionis</span> <span class='ocrx_word' id='word_1_101' title='bbox 772 1129 826 1178; x_wconf 83' lang='lat' dir='ltr'>dies</span> <span class='ocrx_word' id='word_1_102' title='bbox 838 1141 1009 1197; x_wconf 83' lang='lat' dir='ltr'>contemptus.</span> 
     </span>
     <span class='ocr_line' id='line_1_15' title="bbox 103 1202 1017 1269; baseline -0.007 -14"><span class='ocrx_word' id='word_1_103' title='bbox 103 1204 212 1255; x_wconf 84' lang='lat' dir='ltr'>Postero</span> <span class='ocrx_word' id='word_1_104' title='bbox 223 1222 302 1269; x_wconf 86' lang='lat' dir='ltr'>quum</span> <span class='ocrx_word' id='word_1_105' title='bbox 313 1205 346 1254; x_wconf 84' lang='lat' dir='ltr'>ad</span> <span class='ocrx_word' id='word_1_106' title='bbox 357 1205 459 1253; x_wconf 83' lang='lat' dir='ltr'>eosdem</span> <span class='ocrx_word' id='word_1_107' title='bbox 473 1205 600 1254; x_wconf 87' lang='lat' dir='ltr'>cruciatus</span> <span class='ocrx_word' id='word_1_108' title='bbox 612 1204 784 1254; x_wconf 86' lang='lat' dir='ltr'>retraberetur</span> <span class='ocrx_word' id='word_1_109' title='bbox 797 1205 937 1268; x_wconf 73' lang='lat' dir='ltr'>gestamine</span> <span class='ocrx_word' id='word_1_110' title='bbox 948 1202 1017 1252; x_wconf 76' lang='lat' dir='ltr'>sellas</span> 
     </span>
     <span class='ocr_line' id='line_1_16' title="bbox 106 1273 1016 1345; baseline -0.002 -19"><span class='ocrx_word' id='word_1_111' title='bbox 106 1277 181 1345; x_wconf 86' lang='lat' dir='ltr'>(nam</span> <span class='ocrx_word' id='word_1_112' title='bbox 192 1278 324 1328; x_wconf 77' lang='lat' dir='ltr'>dissolutio</span> <span class='ocrx_word' id='word_1_113' title='bbox 334 1280 454 1329; x_wconf 87' lang='lat' dir='ltr'>membris</span> <span class='ocrx_word' id='word_1_114' title='bbox 465 1279 581 1328; x_wconf 78' lang='lat' dir='ltr'>insistere</span> <span class='ocrx_word' id='word_1_115' title='bbox 592 1273 820 1344; x_wconf 66' lang='lat' dir='ltr'>nequibativiirclo</span> <span class='ocrx_word' id='word_1_116' title='bbox 832 1277 912 1327; x_wconf 80' lang='lat' dir='ltr'>fascia</span> <span class='ocrx_word' id='word_1_117' title='bbox 919 1275 1016 1341; x_wconf 77' lang='lat' dir='ltr'>,quam</span> 
     </span>
     <span class='ocr_line' id='line_1_17' title="bbox 103 1351 1016 1418; baseline 0.001 -21"><span class='ocrx_word' id='word_1_118' title='bbox 103 1354 205 1416; x_wconf 86' lang='lat' dir='ltr'>pectori</span> <span class='ocrx_word' id='word_1_119' title='bbox 218 1352 376 1413; x_wconf 79' lang='lat' dir='ltr'>detraxerat,</span> <span class='ocrx_word' id='word_1_120' title='bbox 388 1353 415 1401; x_wconf 93' lang='lat' dir='ltr'>in</span> <span class='ocrx_word' id='word_1_121' title='bbox 431 1352 536 1401; x_wconf 90' lang='lat' dir='ltr'>modum</span> <span class='ocrx_word' id='word_1_122' title='bbox 551 1353 636 1418; x_wconf 87' lang='lat' dir='ltr'>laquei</span> <span class='ocrx_word' id='word_1_123' title='bbox 651 1351 684 1400; x_wconf 88' lang='lat' dir='ltr'>ad</span> <span class='ocrx_word' id='word_1_124' title='bbox 697 1368 783 1401; x_wconf 89' lang='lat' dir='ltr'>areum</span> <span class='ocrx_word' id='word_1_125' title='bbox 801 1352 867 1399; x_wconf 78' lang='lat' dir='ltr'>sellae</span> <span class='ocrx_word' id='word_1_126' title='bbox 881 1351 1016 1407; x_wconf 58' lang='lat' dir='ltr'>restante,</span> 
     </span>
     <span class='ocr_line' id='line_1_18' title="bbox 104 1423 1013 1492; baseline -0.001 -18"><span class='ocrx_word' id='word_1_127' title='bbox 104 1423 199 1474; x_wconf 87' lang='lat' dir='ltr'>indidit</span> <span class='ocrx_word' id='word_1_128' title='bbox 208 1428 349 1487; x_wconf 86' lang='lat' dir='ltr'>oervIcem,</span> <span class='ocrx_word' id='word_1_129' title='bbox 364 1437 389 1475; x_wconf 87' lang='lat' dir='ltr'>et</span> <span class='ocrx_word' id='word_1_130' title='bbox 400 1430 511 1492; x_wconf 87' lang='lat' dir='ltr'>corporis</span> <span class='ocrx_word' id='word_1_131' title='bbox 524 1425 637 1491; x_wconf 88' lang='lat' dir='ltr'>pondere</span> <span class='ocrx_word' id='word_1_132' title='bbox 651 1427 769 1485; x_wconf 87' lang='lat' dir='ltr'>connisa,</span> <span class='ocrx_word' id='word_1_133' title='bbox 780 1437 883 1474; x_wconf 85' lang='lat' dir='ltr'>tenuem</span> <span class='ocrx_word' id='word_1_134' title='bbox 894 1424 945 1488; x_wconf 76' lang='lat' dir='ltr'>iam</span> <span class='ocrx_word' id='word_1_135' title='bbox 959 1424 1013 1491; x_wconf 89' lang='lat' dir='ltr'>spi-</span> 
     </span>
     <span class='ocr_line' id='line_1_19' title="bbox 103 1496 1019 1563; baseline -0.002 -16"><span class='ocrx_word' id='word_1_136' title='bbox 103 1498 183 1548; x_wconf 82' lang='lat' dir='ltr'>ritum</span> <span class='ocrx_word' id='word_1_137' title='bbox 197 1500 322 1561; x_wconf 80' lang='lat' dir='ltr'>expressit</span> <span class='ocrx_word' id='word_1_138' title='bbox 332 1518 339 1545; x_wconf 91' lang='lat'>:</span> <span class='ocrx_word' id='word_1_139' title='bbox 352 1501 459 1549; x_wconf 81' lang='lat' dir='ltr'>clariore</span> <span class='ocrx_word' id='word_1_140' title='bbox 471 1500 587 1563; x_wconf 82' lang='lat' dir='ltr'>exemplo</span> <span class='ocrx_word' id='word_1_141' title='bbox 597 1498 716 1546; x_wconf 89' lang='lat' dir='ltr'>libertina</span> <span class='ocrx_word' id='word_1_142' title='bbox 727 1499 833 1553; x_wconf 86' lang='lat' dir='ltr'>mulier,</span> <span class='ocrx_word' id='word_1_143' title='bbox 846 1498 874 1546; x_wconf 92' lang='lat' dir='ltr'>in</span> <span class='ocrx_word' id='word_1_144' title='bbox 886 1496 957 1546; x_wconf 77' lang='lat' dir='ltr'>tanti</span> <span class='ocrx_word' id='word_1_145' title='bbox 968 1512 1019 1546; x_wconf 88' lang='lat' dir='ltr'>ne-</span> 
     </span>
     <span class='ocr_line' id='line_1_20' title="bbox 104 1569 1021 1636; baseline 0 -18"><span class='ocrx_word' id='word_1_146' title='bbox 104 1570 236 1627; x_wconf 83' lang='lat' dir='ltr'>cessitate,</span> <span class='ocrx_word' id='word_1_147' title='bbox 251 1570 363 1629; x_wconf 83' lang='lat' dir='ltr'>aIIenos,</span> <span class='ocrx_word' id='word_1_148' title='bbox 375 1588 404 1618; x_wconf 82' lang='lat' dir='ltr'>ac</span> <span class='ocrx_word' id='word_1_149' title='bbox 414 1573 491 1636; x_wconf 78' lang='lat' dir='ltr'>prope</span> <span class='ocrx_word' id='word_1_150' title='bbox 507 1573 607 1634; x_wconf 81' lang='lat' dir='ltr'>ignotos</span> <span class='ocrx_word' id='word_1_151' title='bbox 620 1569 795 1635; x_wconf 82' lang='lat' dir='ltr'>protegendo,</span> <span class='ocrx_word' id='word_1_152' title='bbox 807 1587 886 1633; x_wconf 91' lang='lat' dir='ltr'>quum</span> <span class='ocrx_word' id='word_1_153' title='bbox 899 1571 1021 1636; x_wconf 75' lang='lat' dir='ltr'>ingenui,</span> 
     </span>
     <span class='ocr_line' id='line_1_21' title="bbox 105 1642 1018 1707; baseline -0.003 -14"><span class='ocrx_word' id='word_1_154' title='bbox 105 1655 131 1693; x_wconf 89' lang='lat' dir='ltr'>et</span> <span class='ocrx_word' id='word_1_155' title='bbox 142 1643 203 1707; x_wconf 88' lang='lat' dir='ltr'>riri,</span> <span class='ocrx_word' id='word_1_156' title='bbox 215 1653 241 1691; x_wconf 89' lang='lat' dir='ltr'>et</span> <span class='ocrx_word' id='word_1_157' title='bbox 251 1642 347 1706; x_wconf 80' lang='lat' dir='ltr'>equites</span> <span class='ocrx_word' id='word_1_158' title='bbox 361 1645 484 1698; x_wconf 85' lang='lat' dir='ltr'>Romani,</span> <span class='ocrx_word' id='word_1_159' title='bbox 499 1654 692 1705; x_wconf 86' lang='lat' dir='ltr'>senatoresque,</span> <span class='ocrx_word' id='word_1_160' title='bbox 704 1644 794 1690; x_wconf 84' lang='lat' dir='ltr'>intacti</span> <span class='ocrx_word' id='word_1_161' title='bbox 808 1645 958 1704; x_wconf 89' lang='lat' dir='ltr'>tormentis,</span> <span class='ocrx_word' id='word_1_162' title='bbox 971 1658 1018 1690; x_wconf 88' lang='lat' dir='ltr'>ca-</span> 
     </span>
     <span class='ocr_line' id='line_1_22' title="bbox 105 1712 1019 1782; baseline -0.003 -17"><span class='ocrx_word' id='word_1_163' title='bbox 105 1715 202 1765; x_wconf 86' lang='lat' dir='ltr'>rissima</span> <span class='ocrx_word' id='word_1_164' title='bbox 214 1731 316 1764; x_wconf 82' lang='lat' dir='ltr'>suorum</span> <span class='ocrx_word' id='word_1_165' title='bbox 327 1718 430 1779; x_wconf 88' lang='lat' dir='ltr'>quisque</span> <span class='ocrx_word' id='word_1_166' title='bbox 446 1713 581 1779; x_wconf 74' lang='lat' dir='ltr'>pignorum</span> <span class='ocrx_word' id='word_1_167' title='bbox 594 1712 743 1782; x_wconf 74' lang='lat' dir='ltr'>proderent.</span> <span class='ocrx_word' id='word_1_168' title='bbox 754 1714 812 1761; x_wconf 88' lang='lat' dir='ltr'>Non</span> <span class='ocrx_word' id='word_1_169' title='bbox 825 1716 895 1761; x_wconf 89' lang='lat' dir='ltr'>enim</span> <span class='ocrx_word' id='word_1_170' title='bbox 910 1715 1019 1762; x_wconf 83' lang='lat' dir='ltr'>omitte-</span> 
     </span>
     <span class='ocr_line' id='line_1_23' title="bbox 105 1785 1019 1855; baseline -0.004 -16"><span class='ocrx_word' id='word_1_171' title='bbox 105 1789 169 1839; x_wconf 83' lang='lat' dir='ltr'>bant</span> <span class='ocrx_word' id='word_1_172' title='bbox 177 1790 292 1840; x_wconf 83' lang='lat' dir='ltr'>Lucanus</span> <span class='ocrx_word' id='word_1_173' title='bbox 301 1795 414 1855; x_wconf 78' lang='lat' dir='ltr'>qnoque,</span> <span class='ocrx_word' id='word_1_174' title='bbox 425 1801 452 1837; x_wconf 88' lang='lat' dir='ltr'>et</span> <span class='ocrx_word' id='word_1_175' title='bbox 459 1787 578 1849; x_wconf 80' lang='lat' dir='ltr'>Senecio,</span> <span class='ocrx_word' id='word_1_176' title='bbox 589 1798 615 1837; x_wconf 86' lang='lat' dir='ltr'>et</span> <span class='ocrx_word' id='word_1_177' title='bbox 623 1785 790 1849; x_wconf 84' lang='lat' dir='ltr'>Quinetianus</span> <span class='ocrx_word' id='word_1_178' title='bbox 797 1788 890 1851; x_wconf 83' lang='lat' dir='ltr'>passim</span> <span class='ocrx_word' id='word_1_179' title='bbox 900 1787 1019 1835; x_wconf 78' lang='lat' dir='ltr'>conscios</span> 
     </span>
     <span class='ocr_line' id='line_1_24' title="bbox 106 1859 1020 1931; baseline -0.002 -20"><span class='ocrx_word' id='word_1_180' title='bbox 106 1863 196 1927; x_wconf 86' lang='lat' dir='ltr'>edere,</span> <span class='ocrx_word' id='word_1_181' title='bbox 207 1866 286 1931; x_wconf 76' lang='lat' dir='ltr'>magis</span> <span class='ocrx_word' id='word_1_182' title='bbox 300 1863 430 1930; x_wconf 76' lang='lat' dir='ltr'>magisque</span> <span class='ocrx_word' id='word_1_183' title='bbox 443 1862 536 1931; x_wconf 82' lang='lat' dir='ltr'>parido</span> <span class='ocrx_word' id='word_1_184' title='bbox 551 1864 668 1928; x_wconf 79' lang='lat' dir='ltr'>Nerone,</span> <span class='ocrx_word' id='word_1_185' title='bbox 679 1876 822 1929; x_wconf 85' lang='lat' dir='ltr'>quanquam</span> <span class='ocrx_word' id='word_1_186' title='bbox 837 1859 1020 1926; x_wconf 83' lang='lat' dir='ltr'>multiplicatie</span> 
     </span>
     <span class='ocr_line' id='line_1_25' title="bbox 106 1938 451 2005; baseline 0 -17"><span class='ocrx_word' id='word_1_187' title='bbox 106 1938 220 1988; x_wconf 78' lang='lat' dir='ltr'>excubiis</span> <span class='ocrx_word' id='word_1_188' title='bbox 232 1951 312 1989; x_wconf 88' lang='lat' dir='ltr'>semet</span> <span class='ocrx_word' id='word_1_189' title='bbox 322 1940 451 2005; x_wconf 76' lang='lat' dir='ltr'>sepsisset.</span> 
     </span>
    </p>

    <p class='ocr_par' dir='ltr' id='par_1_4' title="bbox 106 2004 1026 3034">
     <span class='ocr_line' id='line_1_26' title="bbox 141 2004 1020 2081; baseline -0.005 -20"><span class='ocrx_word' id='word_1_190' title='bbox 141 2012 234 2064; x_wconf 80' lang='lat' dir='ltr'><strong>LVIII.</strong></span> <span class='ocrx_word' id='word_1_191' title='bbox 248 2015 317 2079; x_wconf 89' lang='lat' dir='ltr'>Quin</span> <span class='ocrx_word' id='word_1_192' title='bbox 329 2025 356 2062; x_wconf 87' lang='lat' dir='ltr'>et</span> <span class='ocrx_word' id='word_1_193' title='bbox 364 2015 467 2074; x_wconf 87' lang='lat' dir='ltr'>urbem,</span> <span class='ocrx_word' id='word_1_194' title='bbox 477 2028 521 2081; x_wconf 89' lang='lat' dir='ltr'>per</span> <span class='ocrx_word' id='word_1_195' title='bbox 532 2011 676 2078; x_wconf 83' lang='lat' dir='ltr'>manipulos</span> <span class='ocrx_word' id='word_1_196' title='bbox 687 2010 816 2075; x_wconf 87' lang='lat' dir='ltr'>occupatis</span> <span class='ocrx_word' id='word_1_197' title='bbox 826 2005 968 2066; x_wconf 78' lang='lat' dir='ltr'>moenibus,</span> <span class='ocrx_word' id='word_1_198' title='bbox 978 2004 1020 2057; x_wconf 85' lang='lat' dir='ltr'>in·</span> 
     </span>
     <span class='ocr_line' id='line_1_27' title="bbox 108 2085 1022 2152; baseline -0.009 -12"><span class='ocrx_word' id='word_1_199' title='bbox 108 2106 178 2140; x_wconf 85' lang='lat' dir='ltr'>sesso</span> <span class='ocrx_word' id='word_1_200' title='bbox 189 2093 267 2140; x_wconf 87' lang='lat' dir='ltr'>etiarn</span> <span class='ocrx_word' id='word_1_201' title='bbox 276 2094 340 2142; x_wconf 86' lang='lat' dir='ltr'>mari</span> <span class='ocrx_word' id='word_1_202' title='bbox 354 2105 380 2142; x_wconf 88' lang='lat' dir='ltr'>et</span> <span class='ocrx_word' id='word_1_203' title='bbox 390 2109 480 2152; x_wconf 80' lang='lat' dir='ltr'>amne,</span> <span class='ocrx_word' id='word_1_204' title='bbox 492 2093 563 2141; x_wconf 88' lang='lat' dir='ltr'>velut</span> <span class='ocrx_word' id='word_1_205' title='bbox 576 2091 601 2139; x_wconf 92' lang='lat' dir='ltr'>in</span> <span class='ocrx_word' id='word_1_206' title='bbox 613 2088 755 2139; x_wconf 80' lang='lat' dir='ltr'>custodiam</span> <span class='ocrx_word' id='word_1_207' title='bbox 766 2086 844 2136; x_wconf 85' lang='lat' dir='ltr'>dedit.</span> <span class='ocrx_word' id='word_1_208' title='bbox 855 2085 1022 2135; x_wconf 85' lang='lat' dir='ltr'>Volitabant-</span> 
     </span>
     <span class='ocr_line' id='line_1_28' title="bbox 107 2157 1021 2230; baseline -0.004 -18"><span class='ocrx_word' id='word_1_209' title='bbox 107 2180 157 2230; x_wconf 86' lang='lat' dir='ltr'>que</span> <span class='ocrx_word' id='word_1_210' title='bbox 165 2179 210 2229; x_wconf 87' lang='lat' dir='ltr'>per</span> <span class='ocrx_word' id='word_1_211' title='bbox 218 2164 284 2227; x_wconf 83' lang='lat' dir='ltr'>Iura,</span> <span class='ocrx_word' id='word_1_212' title='bbox 294 2182 339 2230; x_wconf 89' lang='lat' dir='ltr'>per</span> <span class='ocrx_word' id='word_1_213' title='bbox 346 2164 450 2224; x_wconf 89' lang='lat' dir='ltr'>domos,</span> <span class='ocrx_word' id='word_1_214' title='bbox 459 2183 517 2215; x_wconf 89' lang='lat' dir='ltr'>rura</span> <span class='ocrx_word' id='word_1_215' title='bbox 527 2181 642 2229; x_wconf 88' lang='lat' dir='ltr'>qnoque,</span> <span class='ocrx_word' id='word_1_216' title='bbox 652 2176 676 2213; x_wconf 91' lang='lat' dir='ltr'>et</span> <span class='ocrx_word' id='word_1_217' title='bbox 686 2163 799 2229; x_wconf 81' lang='lat' dir='ltr'>proxima</span> <span class='ocrx_word' id='word_1_218' title='bbox 808 2157 1021 2225; x_wconf 86' lang='lat' dir='ltr'>municipiorum,</span> 
     </span>
     <span class='ocr_line' id='line_1_29' title="bbox 107 2233 1022 2303; baseline -0.004 -19"><span class='ocrx_word' id='word_1_219' title='bbox 107 2236 207 2302; x_wconf 77' lang='lat' dir='ltr'>pedites</span> <span class='ocrx_word' id='word_1_220' title='bbox 214 2238 373 2300; x_wconf 84' lang='lat' dir='ltr'>equitesque,</span> <span class='ocrx_word' id='word_1_221' title='bbox 384 2238 504 2303; x_wconf 84' lang='lat' dir='ltr'>permixti</span> <span class='ocrx_word' id='word_1_222' title='bbox 513 2238 665 2300; x_wconf 79' lang='lat' dir='ltr'>Germanis,</span> <span class='ocrx_word' id='word_1_223' title='bbox 674 2237 767 2301; x_wconf 82' lang='lat' dir='ltr'>qulbus</span> <span class='ocrx_word' id='word_1_224' title='bbox 779 2234 873 2283; x_wconf 82' lang='lat' dir='ltr'>fidebat</span> <span class='ocrx_word' id='word_1_225' title='bbox 884 2233 1022 2297; x_wconf 83' lang='lat' dir='ltr'>princeps,</span> 
     </span>
     <span class='ocr_line' id='line_1_30' title="bbox 109 2305 1021 2373; baseline -0.003 -18"><span class='ocrx_word' id='word_1_226' title='bbox 109 2308 180 2372; x_wconf 84' lang='lat' dir='ltr'>qnasi</span> <span class='ocrx_word' id='word_1_227' title='bbox 190 2308 308 2354; x_wconf 76' lang='lat' dir='ltr'>externis.</span> <span class='ocrx_word' id='word_1_228' title='bbox 324 2309 452 2357; x_wconf 87' lang='lat' dir='ltr'>Continua</span> <span class='ocrx_word' id='word_1_229' title='bbox 463 2310 524 2357; x_wconf 84' lang='lat' dir='ltr'>bine</span> <span class='ocrx_word' id='word_1_230' title='bbox 536 2322 562 2357; x_wconf 85' lang='lat' dir='ltr'>et</span> <span class='ocrx_word' id='word_1_231' title='bbox 574 2309 658 2369; x_wconf 75' lang='lat' dir='ltr'>iuncta</span> <span class='ocrx_word' id='word_1_232' title='bbox 673 2309 773 2373; x_wconf 73' lang='lat' dir='ltr'>agmina</span> <span class='ocrx_word' id='word_1_233' title='bbox 785 2305 864 2367; x_wconf 86' lang='lat' dir='ltr'>trabi,</span> <span class='ocrx_word' id='word_1_234' title='bbox 883 2320 912 2353; x_wconf 82' lang='lat' dir='ltr'>ac</span> <span class='ocrx_word' id='word_1_235' title='bbox 925 2306 1021 2353; x_wconf 80' lang='lat' dir='ltr'>Iuribus</span> 
     </span>
     <span class='ocr_line' id='line_1_31' title="bbox 108 2369 1026 2444; baseline -0.003 -16"><span class='ocrx_word' id='word_1_236' title='bbox 108 2380 242 2431; x_wconf 86' lang='lat' dir='ltr'>hortorum</span> <span class='ocrx_word' id='word_1_237' title='bbox 257 2377 382 2439; x_wconf 76' lang='lat' dir='ltr'>adiacere.</span> <span class='ocrx_word' id='word_1_238' title='bbox 398 2379 482 2444; x_wconf 86' lang='lat' dir='ltr'>Atque</span> <span class='ocrx_word' id='word_1_239' title='bbox 499 2381 543 2427; x_wconf 91' lang='lat' dir='ltr'>ubi</span> <span class='ocrx_word' id='word_1_240' title='bbox 556 2380 690 2428; x_wconf 84' lang='lat' dir='ltr'>dicendam</span> <span class='ocrx_word' id='word_1_241' title='bbox 702 2380 734 2428; x_wconf 90' lang='lat' dir='ltr'>ad</span> <span class='ocrx_word' id='word_1_242' title='bbox 746 2369 848 2426; x_wconf 84' lang='lat' dir='ltr'>caiisam</span> <span class='ocrx_word' id='word_1_243' title='bbox 863 2378 1026 2431; x_wconf 78' lang='lat' dir='ltr'>introissent,</span> 
     </span>
     <span class='ocr_line' id='line_1_32' title="bbox 110 2450 1025 2516; baseline 0 -16"><span class='ocrx_word' id='word_1_244' title='bbox 110 2453 242 2515; x_wconf 78' lang='lat' dir='ltr'>«letatum</span> <span class='ocrx_word' id='word_1_245' title='bbox 249 2466 305 2516; x_wconf 73' lang='lat' dir='ltr'>erga</span> <span class='ocrx_word' id='word_1_246' title='bbox 313 2450 467 2515; x_wconf 73' lang='lat' dir='ltr'>conjuratos,</span> <span class='ocrx_word' id='word_1_247' title='bbox 476 2450 621 2500; x_wconf 76' lang='lat' dir='ltr'>aifnrruitus</span> <span class='ocrx_word' id='word_1_248' title='bbox 631 2469 725 2510; x_wconf 76' lang='lat' dir='ltr'>termo,</span> <span class='ocrx_word' id='word_1_249' title='bbox 736 2462 761 2499; x_wconf 90' lang='lat' dir='ltr'>et</span> <span class='ocrx_word' id='word_1_250' title='bbox 771 2451 847 2498; x_wconf 88' lang='lat' dir='ltr'>subiti</span> <span class='ocrx_word' id='word_1_251' title='bbox 858 2450 987 2512; x_wconf 69' lang='lat' dir='ltr'>occuitus,</span> <span class='ocrx_word' id='word_1_252' title='bbox 999 2452 1025 2501; x_wconf 91' lang='lat' dir='ltr'>si</span> 
     </span>
     <span class='ocr_line' id='line_1_33' title="bbox 106 2524 1022 2591; baseline -0.004 -13"><span class='ocrx_word' id='word_1_253' title='bbox 106 2525 270 2585; x_wconf 75' lang='lat' dir='ltr'>eontirium,</span> <span class='ocrx_word' id='word_1_254' title='bbox 281 2525 303 2574; x_wconf 87' lang='lat' dir='ltr'>si</span> <span class='ocrx_word' id='word_1_255' title='bbox 314 2526 488 2591; x_wconf 80' lang='lat' dir='ltr'>spectaculum</span> <span class='ocrx_word' id='word_1_256' title='bbox 499 2526 575 2573; x_wconf 89' lang='lat' dir='ltr'>simul</span> <span class='ocrx_word' id='word_1_257' title='bbox 592 2526 736 2582; x_wconf 76' lang='lat' dir='ltr'>inissent»,</span> <span class='ocrx_word' id='word_1_258' title='bbox 749 2541 796 2591; x_wconf 87' lang='lat' dir='ltr'>pro</span> <span class='ocrx_word' id='word_1_259' title='bbox 806 2524 912 2573; x_wconf 88' lang='lat' dir='ltr'>erimine</span> <span class='ocrx_word' id='word_1_260' title='bbox 924 2524 1022 2590; x_wconf 84' lang='lat' dir='ltr'>accipi:</span> 
     </span>
     <span class='ocr_line' id='line_1_34' title="bbox 110 2598 1024 2670; baseline -0.003 -19"><span class='ocrx_word' id='word_1_261' title='bbox 110 2618 189 2670; x_wconf 78' lang='lat' dir='ltr'>quum</span> <span class='ocrx_word' id='word_1_262' title='bbox 207 2616 281 2667; x_wconf 80' lang='lat' dir='ltr'>snper</span> <span class='ocrx_word' id='word_1_263' title='bbox 292 2599 398 2650; x_wconf 86' lang='lat' dir='ltr'>Neronia</span> <span class='ocrx_word' id='word_1_264' title='bbox 413 2617 442 2648; x_wconf 88' lang='lat' dir='ltr'>ao</span> <span class='ocrx_word' id='word_1_265' title='bbox 455 2599 574 2665; x_wconf 78' lang='lat' dir='ltr'>Tigellini</span> <span class='ocrx_word' id='word_1_266' title='bbox 589 2616 664 2648; x_wconf 80' lang='lat' dir='ltr'>saras</span> <span class='ocrx_word' id='word_1_267' title='bbox 680 2599 900 2667; x_wconf 84' lang='lat' dir='ltr'>pereurrctationes</span> <span class='ocrx_word' id='word_1_268' title='bbox 910 2634 917 2655; x_wconf 92' lang='lat'>,</span> <span class='ocrx_word' id='word_1_269' title='bbox 926 2598 1024 2648; x_wconf 82' lang='lat' dir='ltr'>Fenine</span> 
     </span>
     <span class='ocr_line' id='line_1_35' title="bbox 110 2671 1020 2742; baseline -0.007 -17"><span class='ocrx_word' id='word_1_270' title='bbox 110 2678 210 2742; x_wconf 82' lang='lat' dir='ltr'>quoque</span> <span class='ocrx_word' id='word_1_271' title='bbox 219 2671 302 2724; x_wconf 79' lang='lat' dir='ltr'>Rufus</span> <span class='ocrx_word' id='word_1_272' title='bbox 311 2671 435 2724; x_wconf 77' lang='lat' dir='ltr'>violenter</span> <span class='ocrx_word' id='word_1_273' title='bbox 444 2685 545 2739; x_wconf 80' lang='lat' dir='ltr'>urgeret</span> <span class='ocrx_word' id='word_1_274' title='bbox 551 2710 558 2735; x_wconf 86' lang='lat'>,</span> <span class='ocrx_word' id='word_1_275' title='bbox 568 2672 681 2722; x_wconf 88' lang='lat' dir='ltr'>nondum</span> <span class='ocrx_word' id='word_1_276' title='bbox 688 2674 719 2723; x_wconf 90' lang='lat' dir='ltr'>ab</span> <span class='ocrx_word' id='word_1_277' title='bbox 729 2673 856 2721; x_wconf 90' lang='lat' dir='ltr'>indicibus</span> <span class='ocrx_word' id='word_1_278' title='bbox 866 2673 1020 2732; x_wconf 79' lang='lat' dir='ltr'>nummatus,</span> 
     </span>
     <span class='ocr_line' id='line_1_36' title="bbox 110 2745 1022 2817; baseline -0.007 -18"><span class='ocrx_word' id='word_1_279' title='bbox 110 2751 169 2808; x_wconf 81' lang='lat' dir='ltr'>aad,</span> <span class='ocrx_word' id='word_1_280' title='bbox 180 2749 232 2816; x_wconf 77' lang='lat' dir='ltr'>qud</span> <span class='ocrx_word' id='word_1_281' title='bbox 243 2749 320 2800; x_wconf 84' lang='lat' dir='ltr'>fidem</span> <span class='ocrx_word' id='word_1_282' title='bbox 333 2751 436 2799; x_wconf 80' lang='lat' dir='ltr'>inscitiae</span> <span class='ocrx_word' id='word_1_283' title='bbox 446 2762 557 2817; x_wconf 85' lang='lat' dir='ltr'>pararet,</span> <span class='ocrx_word' id='word_1_284' title='bbox 570 2761 641 2799; x_wconf 83' lang='lat' dir='ltr'>atrox</span> <span class='ocrx_word' id='word_1_285' title='bbox 653 2748 773 2797; x_wconf 80' lang='lat' dir='ltr'>adversus</span> <span class='ocrx_word' id='word_1_286' title='bbox 787 2747 877 2795; x_wconf 82' lang='lat' dir='ltr'>socios.</span> <span class='ocrx_word' id='word_1_287' title='bbox 891 2745 962 2794; x_wconf 86' lang='lat' dir='ltr'>idem</span> <span class='ocrx_word' id='word_1_288' title='bbox 973 2745 1022 2793; x_wconf 82' lang='lat' dir='ltr'>Su·</span> 
     </span>
     <span class='ocr_line' id='line_1_37' title="bbox 109 2819 1023 2890; baseline -0.005 -18"><span class='ocrx_word' id='word_1_289' title='bbox 109 2824 167 2872; x_wconf 71' lang='lat' dir='ltr'>irriti</span> <span class='ocrx_word' id='word_1_290' title='bbox 179 2824 268 2872; x_wconf 79' lang='lat' dir='ltr'>Flavio</span> <span class='ocrx_word' id='word_1_291' title='bbox 279 2824 427 2882; x_wconf 78' lang='lat' dir='ltr'>adsistenti,</span> <span class='ocrx_word' id='word_1_292' title='bbox 440 2826 621 2890; x_wconf 86' lang='lat' dir='ltr'>innuenrique,</span> <span class='ocrx_word' id='word_1_293' title='bbox 633 2842 664 2873; x_wconf 84' lang='lat' dir='ltr'>aa</span> <span class='ocrx_word' id='word_1_294' title='bbox 677 2825 835 2889; x_wconf 63' lang='lat' dir='ltr'>inter‘ipsam</span> <span class='ocrx_word' id='word_1_295' title='bbox 850 2819 1023 2882; x_wconf 79' lang='lat' dir='ltr'>cognitionem</span> 
     </span>
     <span class='ocr_line' id='line_1_38' title="bbox 110 2890 1022 2963; baseline -0.005 -19"><span class='ocrx_word' id='word_1_296' title='bbox 110 2896 279 2959; x_wconf 75' lang='lat' dir='ltr'>destringeret</span> <span class='ocrx_word' id='word_1_297' title='bbox 296 2895 426 2959; x_wconf 73' lang='lat' dir='ltr'>gladium,</span> <span class='ocrx_word' id='word_1_298' title='bbox 444 2897 586 2961; x_wconf 83' lang='lat' dir='ltr'>cademque</span> <span class='ocrx_word' id='word_1_299' title='bbox 606 2900 734 2963; x_wconf 71' lang='lat' dir='ltr'>patraret,</span> <span class='ocrx_word' id='word_1_300' title='bbox 750 2898 851 2954; x_wconf 81' lang='lat' dir='ltr'>renuit,</span> <span class='ocrx_word' id='word_1_301' title='bbox 871 2890 1022 2956; x_wconf 72' lang='lat' dir='ltr'>infregitque</span> 
     </span>
     <span class='ocr_line' id='line_1_39' title="bbox 110 2967 755 3034; baseline 0 -16"><span class='ocrx_word' id='word_1_302' title='bbox 110 2970 235 3034; x_wconf 86' lang='lat' dir='ltr'>impetum</span> <span class='ocrx_word' id='word_1_303' title='bbox 250 2967 302 3031; x_wconf 88' lang='lat' dir='ltr'>jam</span> <span class='ocrx_word' id='word_1_304' title='bbox 309 2983 415 3015; x_wconf 85' lang='lat' dir='ltr'>manum</span> <span class='ocrx_word' id='word_1_305' title='bbox 426 2968 459 3015; x_wconf 84' lang='lat' dir='ltr'>ad</span> <span class='ocrx_word' id='word_1_306' title='bbox 470 2970 590 3033; x_wconf 87' lang='lat' dir='ltr'>capulum</span> <span class='ocrx_word' id='word_1_307' title='bbox 604 2969 755 3034; x_wconf 77' lang='lat' dir='ltr'>r·eferentis.&#39;</span> 
     </span>
    </p>

    <p class='ocr_par' dir='ltr' id='par_1_5' title="bbox 105 3033 1026 3474">
     <span class='ocr_line' id='line_1_40' title="bbox 141 3033 1022 3105; baseline -0.003 -17"><span class='ocrx_word' id='word_1_308' title='bbox 141 3038 211 3088; x_wconf 81' lang='lat' dir='ltr'>ux.</span> <span class='ocrx_word' id='word_1_309' title='bbox 225 3037 322 3095; x_wconf 74' lang='lat' dir='ltr'>Fuere,</span> <span class='ocrx_word' id='word_1_310' title='bbox 337 3041 380 3102; x_wconf 91' lang='lat' dir='ltr'>qui</span> <span class='ocrx_word' id='word_1_311' title='bbox 392 3038 494 3104; x_wconf 65' lang='lat' dir='ltr'>proditi</span> <span class='ocrx_word' id='word_1_312' title='bbox 505 3042 693 3105; x_wconf 80' lang='lat' dir='ltr'>coniuratione,</span> <span class='ocrx_word' id='word_1_313' title='bbox 707 3042 767 3091; x_wconf 86' lang='lat' dir='ltr'>dum</span> <span class='ocrx_word' id='word_1_314' title='bbox 779 3033 1022 3102; x_wconf 71' lang='lat' dir='ltr'>auditurlililiobut,</span> 
     </span>
     <span class='ocr_line' id='line_1_41' title="bbox 110 3111 1022 3180; baseline -0.008 -14"><span class='ocrx_word' id='word_1_315' title='bbox 110 3116 172 3165; x_wconf 87' lang='lat' dir='ltr'>dnm</span> <span class='ocrx_word' id='word_1_316' title='bbox 180 3111 308 3160; x_wconf 83' lang='lat' dir='ltr'>dubitavit</span> <span class='ocrx_word' id='word_1_317' title='bbox 317 3111 446 3173; x_wconf 80' lang='lat' dir='ltr'>Soerinus,</span> <span class='ocrx_word' id='word_1_318' title='bbox 454 3112 615 3164; x_wconf 84' lang='lat' dir='ltr'>hortarentur</span> <span class='ocrx_word' id='word_1_319' title='bbox 625 3116 752 3173; x_wconf 80' lang='lat' dir='ltr'>Pisonem,</span> <span class='ocrx_word' id='word_1_320' title='bbox 760 3128 883 3180; x_wconf 81' lang='lat' dir='ltr'>«pergere</span> <span class='ocrx_word' id='word_1_321' title='bbox 894 3112 920 3159; x_wconf 89' lang='lat' dir='ltr'>in</span> <span class='ocrx_word' id='word_1_322' title='bbox 930 3122 1022 3170; x_wconf 79' lang='lat' dir='ltr'>castra,</span> 
     </span>
     <span class='ocr_line' id='line_1_42' title="bbox 112 3181 1025 3253; baseline -0.004 -16"><span class='ocrx_word' id='word_1_323' title='bbox 112 3201 156 3242; x_wconf 68' lang='lat' dir='ltr'>sut</span> <span class='ocrx_word' id='word_1_324' title='bbox 169 3196 250 3235; x_wconf 82' lang='lat' dir='ltr'>rostra</span> <span class='ocrx_word' id='word_1_325' title='bbox 269 3183 419 3246; x_wconf 85' lang='lat' dir='ltr'>escendere,</span> <span class='ocrx_word' id='word_1_326' title='bbox 437 3187 569 3251; x_wconf 84' lang='lat' dir='ltr'>studiaque</span> <span class='ocrx_word' id='word_1_327' title='bbox 583 3188 697 3236; x_wconf 83' lang='lat' dir='ltr'>militum</span> <span class='ocrx_word' id='word_1_328' title='bbox 715 3200 741 3237; x_wconf 87' lang='lat' dir='ltr'>et</span> <span class='ocrx_word' id='word_1_329' title='bbox 756 3187 845 3253; x_wconf 81' lang='lat' dir='ltr'>populi</span> <span class='ocrx_word' id='word_1_330' title='bbox 861 3196 957 3233; x_wconf 80' lang='lat' dir='ltr'>tentare</span> <span class='ocrx_word' id='word_1_331' title='bbox 976 3201 982 3231; x_wconf 78' lang='lat' dir='ltr'>r</span> <span class='ocrx_word' id='word_1_332' title='bbox 1001 3181 1025 3230; x_wconf 80' lang='lat' dir='ltr'>si</span> 
     </span>
     <span class='ocr_line' id='line_1_43' title="bbox 107 3258 1023 3326; baseline -0.009 -13"><span class='ocrx_word' id='word_1_333' title='bbox 107 3261 240 3313; x_wconf 87' lang='lat' dir='ltr'>conatibus</span> <span class='ocrx_word' id='word_1_334' title='bbox 254 3258 309 3323; x_wconf 73' lang='lat' dir='ltr'>ejus</span> <span class='ocrx_word' id='word_1_335' title='bbox 324 3261 419 3307; x_wconf 87' lang='lat' dir='ltr'>conscii</span> <span class='ocrx_word' id='word_1_336' title='bbox 436 3272 642 3326; x_wconf 73' lang='lat' dir='ltr'>aggregarentur,</span> <span class='ocrx_word' id='word_1_337' title='bbox 661 3275 791 3311; x_wconf 84' lang='lat' dir='ltr'>secuturos</span> <span class='ocrx_word' id='word_1_338' title='bbox 804 3260 879 3307; x_wconf 87' lang='lat' dir='ltr'>etiarn</span> <span class='ocrx_word' id='word_1_339' title='bbox 894 3260 1023 3323; x_wconf 62' lang='lat' dir='ltr'>integrm</span> 
     </span>
     <span class='ocr_line' id='line_1_44' title="bbox 108 3330 1025 3401; baseline -0.003 -19"><span class='ocrx_word' id='word_1_340' title='bbox 108 3350 275 3399; x_wconf 84' lang='lat' dir='ltr'>magnamque</span> <span class='ocrx_word' id='word_1_341' title='bbox 291 3343 365 3382; x_wconf 80' lang='lat' dir='ltr'>more</span> <span class='ocrx_word' id='word_1_342' title='bbox 382 3333 420 3380; x_wconf 87' lang='lat' dir='ltr'>rei</span> <span class='ocrx_word' id='word_1_343' title='bbox 435 3332 540 3390; x_wconf 84' lang='lat' dir='ltr'>lamam,</span> <span class='ocrx_word' id='word_1_344' title='bbox 556 3350 610 3397; x_wconf 83' lang='lat' dir='ltr'>quae</span> <span class='ocrx_word' id='word_1_345' title='bbox 628 3336 770 3401; x_wconf 77' lang='lat' dir='ltr'>plurimum</span> <span class='ocrx_word' id='word_1_346' title='bbox 783 3338 807 3382; x_wconf 83' lang='lat' dir='ltr'>ln</span> <span class='ocrx_word' id='word_1_347' title='bbox 823 3334 899 3386; x_wconf 84' lang='lat' dir='ltr'>noris</span> <span class='ocrx_word' id='word_1_348' title='bbox 910 3330 1025 3380; x_wconf 82' lang='lat' dir='ltr'>consiliis</span> 
     </span>
     <span class='ocr_line' id='line_1_45' title="bbox 105 3404 1026 3474; baseline -0.007 -15"><span class='ocrx_word' id='word_1_349' title='bbox 105 3407 214 3459; x_wconf 72' lang='lat' dir='ltr'>aunei.</span> <span class='ocrx_word' id='word_1_350' title='bbox 229 3404 301 3458; x_wconf 83' lang='lat' dir='ltr'>Nihil</span> <span class='ocrx_word' id='word_1_351' title='bbox 311 3404 504 3456; x_wconf 78' lang='lat' dir='ltr'>adversumhoe</span> <span class='ocrx_word' id='word_1_352' title='bbox 512 3406 610 3462; x_wconf 80' lang='lat' dir='ltr'>Neroni</span> <span class='ocrx_word' id='word_1_353' title='bbox 617 3410 749 3474; x_wconf 73' lang='lat' dir='ltr'>provisura</span> <span class='ocrx_word' id='word_1_354' title='bbox 761 3425 766 3461; x_wconf 72' lang='grc' dir='ltr'>ι</span> <span class='ocrx_word' id='word_1_355' title='bbox 779 3407 856 3458; x_wconf 83' lang='lat' dir='ltr'>etism</span> <span class='ocrx_word' id='word_1_356' title='bbox 865 3405 944 3458; x_wconf 82' lang='lat' dir='ltr'>sortes</span> <span class='ocrx_word' id='word_1_357' title='bbox 954 3404 1026 3457; x_wconf 82' lang='lat' dir='ltr'>risos</span> 
     </span>
    </p>
   </div>
   <div class='ocr_carea' id='block_1_3' title="bbox 0 0 1133 3817">
    <p class='ocr_par' dir='ltr' id='par_1_6' title="bbox 0 0 1133 3817">
     <span class='ocr_line' id='line_1_46' title="bbox 0 0 1133 3817; baseline 0 0"><span class='ocrx_word' id='word_1_358' title='bbox 0 0 1133 3817; x_wconf 95' lang='lat' dir='ltr'> </span> 
     </span>
    </p>
   </div>
  </div>
 </body>
</html>
