2234 3817
344 199 581 239 nrsroartrusr
601 205 660 240 ern
677 174 730 244 ev.
862 240 872 248 ,
939 199 993 270 ⁴¹7

67 278 156 334 traxit
166 298 172 331 :
182 278 263 330 fracta
273 275 355 328 Primi
364 275 482 334 Antonii,
494 277 606 342 Varique
613 276 682 328 Arrii
693 276 820 346 potentis,
832 281 897 340 male
909 282 989 335 dissi.

63 353 173 409 mulati
186 355 213 402 in
225 369 269 401 eos
280 350 394 401 Muciani
405 349 549 413 iracundia,
566 354 684 417 quamvis
696 354 772 402 vultu
786 366 924 420 tegeretur.
935 359 986 410 Sed

63 422 311 489 civitas5rimsudis
323 423 423 487 offensis
435 438 524 492 sagax,
535 437 647 476 verterat
656 443 697 488 se,
709 430 928 496 transtuleretque.
939 431 987 485 llle

66 521 143 555 unus
165 502 271 563 ambiri,
291 502 342 552 coli
354 517 360 548 τ
372 517 419 551 nec
435 501 522 552 deerat
540 503 610 568 ipse,
634 503 742 569 stipatus
759 507 877 564 armatis,
894 507 985 558 domos

66 580 216 642 hortosque
225 587 386 646 permutans,
396 583 519 644 apparatu
525 614 533 641 ,
541 578 640 627 incessu
648 614 655 636 ,
663 579 790 642 excubiis,
801 580 853 628 vim
863 583 987 648 principis

66 652 229 719 complecti,
247 668 342 703 nomen
361 653 500 702 remittere.
519 652 663 703 Plurimum
681 657 787 703 terroris
804 656 893 705 intulit
908 657 987 708 caedes

68 727 209 793 Calpurnii
216 726 358 781 ,Galeriani
369 725 394 775 Is
406 724 459 776 fuit
470 727 537 778 filius
546 729 578 778 C.
589 729 701 788 Pisonis,
711 722 774 778 nibil
785 746 860 780 ausus
870 749 876 779 :
887 731 932 781 sed
941 749 989 782 na·

66 817 132 851 men
145 802 255 868 insigne,
267 813 293 851 et
304 800 393 851 decora
403 802 452 868 ipsi
460 802 683 866 juventa‚rumore
695 804 764 870 vulgi
776 805 969 871 celebrabantur
977 826 990 856 ε.
1062 820 1065 825 ·

70 887 199 944 erantque
214 876 356 926 incivitate
372 874 456 925 adhuc
471 877 588 940 turbidis,
604 890 630 929 et
644 881 717 929 novis
736 880 898 928 sermonibus
913 881 986 940 laeti,
1054 942 1057 947 ⁴

70 953 123 1016 qui
137 950 294 1018 principatus
312 950 413 1001 inanem
430 955 453 1002 ei
468 951 561 1003 lamam
575 953 770 1004 circumdarent.
786 953 862 1002 Jussu
872 955 985 1004 Muciani

67 1024 189 1074 custodiri
199 1025 424 1093 militaricinctus,
435 1045 468 1078 ne
480 1031 506 1078 in
519 1030 573 1096 ipsis
587 1030 648 1078 urbe
659 1029 818 1095 conspectior
827 1044 898 1076 mors
907 1027 985 1090 foret,

70 1097 105 1148 ad
119 1098 345 1164 quadragesimum
356 1099 388 1147 ab
399 1100 462 1149 urbe
473 1103 599 1169 lapidem,
612 1102 654 1152 vit
670 1102 768 1169 Appia,
783 1100 840 1152 fuso
851 1118 897 1167 per
907 1118 985 1152 venas

72 1171 211 1236 sangnine,
229 1170 405 1235 exstinguitur.
421 1170 502 1220 Julius
512 1173 627 1232 Priscus,
639 1175 828 1239 preterieram,
839 1174 885 1222 sub
895 1174 984 1223 Vitel-

70 1247 124 1303 lio,
141 1243 286 1295 cohortium
296 1243 443 1311 prefectus,
459 1262 486 1294 se
495 1245 698 1312 ipseinterfecit,
708 1247 806 1314 pudore
816 1248 897 1312 magis
906 1247 983 1311 quim

71 1319 233 1368 necessitate.
249 1315 382 1382 Alphenus
397 1318 481 1365 Varus
498 1318 601 1382 ignavie
614 1320 772 1386 infamiaque
784 1337 834 1370 sua
846 1319 983 1385 superfuit·

72 1390 270 1442 Asiaticusenim
277 1391 382 1439 libertus
388 1390 629 1456 malempotentiam
635 1395 721 1444 servili
728 1394 853 1461 supplicio
860 1394 981 1459 expiavit.
994 1414 996 1419 ’

105 1463 166 1514 Xll.
183 1461 277 1513 Iisdem
290 1461 380 1511 diebus
398 1462 597 1513 crebrescentem
613 1465 692 1514 cladis
708 1463 980 1528 Germanicselemam,
1003 1497 1012 1505 a

70 1554 239 1605 nequaquam*
253 1547 340 1586 maesta
359 1537 449 1604 civitas
467 1539 627 1604 excipiebat:
640 1555 741 1589 <scaros
756 1539 983 1606 erc1·citus,capta

13 1674 14 1677 Ἴ
70 1617 201 1682 legionum
215 1612 331 1668 hiberna,
344 1609 478 1661 descivisse
491 1612 585 1663 Gallias
593 1630 619 1676 s,
630 1631 681 1685 uon
690 1626 719 1664 ut
730 1616 796 1665 mala
804 1616 983 1680 loquebantur.

68 1690 208 1740 Id'bellum
220 1686 313 1751 quibus
323 1687 403 1743 esuris
415 1698 514 1746 ortum,
528 1698 623 1753 quanto
635 1700 797 1739 externarum
806 1689 982 1752 sociarumque

15 1774 16 1783 ¹
67 1766 183 1832 gentium
198 1772 271 1812 motu
288 1760 430 1824 flagraverit
438 1797 445 1821 ,
459 1761 535 1812 altiirs
544 1763 688 1830 expediam.
703 1765 807 1821 Batavi,
819 1763 901 1813 donee
913 1774 983 1812 trans

13 1898 15 1917 b
69 1841 187 1908 Rhenum
194 1839 319 1906 ,agebanh
330 1853 391 1901 pars
402 1837 532 1886 Castorum
543 1855 550 1883 ι
561 1838 685 1889 seditione
694 1838 833 1889 domestici
842 1839 910 1904 pulsi
916 1875 924 1897 ,
935 1855 985 1887 ex·

13 1964 16 1981 ¹
67 1928 153 1964 treme
166 1911 267 1961 Gallice
279 1927 344 1970 orae,
362 1925 443 1957 vacua
458 1908 617 1966 cultoribus,
630 1910 757 1975 simulque
776 1912 898 1969 insulam,
917 1912 984 1960 iuter

13 1986 14 1991 ’
69 1984 224 2035 radasitsm
233 2021 241 2043 ,
251 1981 420 2050 occupavere,
434 1996 509 2047 quem
522 1998 591 2030 mere
601 1981 732 2031 Oceanum
743 1982 863 2046 alronte,
874 1983 979 2032 Rhenus

42 2082 45 2088 Α
70 2058 153 2109 amnis
166 2048 263 2122 tergum
273 2074 301 2106 ac
309 2059 389 2105 latera
402 2052 562 2126 circumluitp
577 2071 625 2103 nec
637 2055 729 2121 opibus
738 2055 878 2113 Romanis,
891 2057 978 2106 socie·

69 2144 125 2199 tate
144 2132 311 2199 validiorum,
323 2131 422 2191 attriti,
440 2131 508 2179 siros
524 2129 624 2197 tautum
638 2136 766 2196 armaque*
774 2126 880 2196 imperio
890 2132 981 2181 minis-

68 2218 141 2259 trant
154 2223 160 2253 ι
174 2205 217 2263 diu
223 2207 383 2256 Germanicis
394 2204 469 2255 bellis
481 2204 584 2253 exerciti
594 2221 601 2254 ε
611 2220 671 2253 mox
681 2217 754 2255 aucta
765 2220 811 2272 per
819 2203 977 2255 Britanniam

71 2282 170 2349 gloria,
184 2282 337 2332 transmissis
348 2281 409 2330 illuc
421 2279 581 2338 cohortibus,
593 2272 752 2343 quaererem
766 2281 883 2331 institute
899 2277 979 2328 nobi-5
992 2343 996 2347 Ι

67 2356 163 2407 lissimi
172 2355 334 2422 popularium
345 2356 478 2421 regebant,
490 2352 552 2402 Erat
563 2365 589 2403 et
600 2354 670 2404 domi
681 2354 794 2405 delectus
806 2357 896 2419 eques,
908 2369 976 2420 pra·

69 2435 147 2499 cipue
164 2428 243 2479 nandi
259 2428 358 2493 studio,
376 2443 445 2478 arma
462 2443 589 2495 equosque
605 2428 731 2493 retinens,
748 2430 853 2494 integris
869 2431 974 2493 turmis,
992 2426 995 2433 ’

72 2506 193 2558 Rhenum
202 2520 381 2571 perrumpere.

103 2580 178 2631 xm.
198 2579 282 2626 tultus
290 2579 412 2640 Paullus,
423 2589 450 2626 et
461 2575 581 2628 Claudius
596 2578 700 2636 Civilis,
711 2577 781 2643 regii
792 2579 883 2644 stirpe,
895 2578 979 2629 multo

70 2666 170 2703 ceteros
190 2651 329 2700 anteibant.
347 2651 465 2701 Paullum
480 2651 604 2701 Fonteius
622 2652 728 2717 Capito,
748 2649 811 2698 laiso
830 2650 979 2700 rebellionis
995 2680 997 2683 ·

71 2727 194 2784 crimine‚
212 2724 349 2777 interfecit.
366 2727 466 2793 injecta
483 2725 562 2773 Civili
573 2736 681 2784 catenae,
694 2724 836 2789 missusque
850 2724 882 2778 ad
893 2726 978 2774 Nero-

72 2816 149 2858 nem,
160 2810 186 2850 et
197 2799 212 2850 i
224 2799 305 2851 Gattt
316 2801 460 2860 absolutus,
471 2799 518 2850 sub
529 2799 637 2849 Vitellio
651 2814 736 2849 rursus
749 2797 886 2847 discrimen
899 2798 963 2848 adiit
969 2838 978 2864 ,

71 2876 200 2943 flagitante
212 2877 365 2943 supplicium
381 2877 435 2941 ejus
447 2875 570 2926 exercitu.
580 2873 643 2923 Inde
653 2891 732 2924 causa
742 2875 852 2940 irarum3
869 2888 976 2940 spesque

71 2967 102 3000 ex
111 2949 185 2998 malis
198 2951 301 3001 nestris.
311 2950 361 3000 Sed
368 2951 458 3000 civilis
467 2947 534 2997 ultrb
543 2947 619 3013 quim
627 2948 742 2997 barbaris
750 2949 863 3005 solitum.
874 2949 975 3015 ingenie

72 3024 166 3081 solers,
176 3027 359 3078 essertoriam
368 3044 407 3086 ee,
418 3036 461 3076 eut
471 3023 661 3076 Hannibalem
670 3022 766 3082 ferens,
783 3023 863 3071 simili
871 3026 922 3073 oris
932 3024 977 3073 de·
1027 3049 1030 3053 Δ

70 3096 279 3164 honestamento,
295 3117 329 3149 ne
345 3112 373 3148 ut
386 3100 454 3151 hosti
467 3101 568 3150 obviam
584 3100 676 3163 iretur,
693 3097 741 3147 siis
756 3097 851 3163 populo
861 3096 985 3147 Romano·

72 3172 156 3238 palam
175 3171 336 3238 descivisset,
355 3174 504 3241 Vespasiani
518 3173 670 3233 amicitiam,
687 3172 848 3236 studiumque
865 3172 977 3237 partium

69 3244 215 3310 pratmdit3
234 3247 320 3297 missis
338 3248 396 3298 sani
418 3247 449 3296 ed
467 3265 525 3297 eum
540 3248 621 3298 Primi
642 3247 748 3295 Antonii
762 3245 868 3302 litteris,
886 3245 978 3308 quibus

70 3332 84 3364 a
95 3328 209 3369 avertere
223 3323 304 3370 accita
314 3322 422 3370 Vitellio
436 3325 542 3383 auxilia,
555 3333 581 3370 et
590 3319 717 3370 tumultus
728 3318 873 3370 Germanici
882 3318 977 3384 specie,

67 3403 193 3445 retentare
204 3396 342 3467 legionesi>
355 3399 498 3461 iubebatur.
513 3399 608 3450 Eadem
617 3396 779 3463 Hordeonius
787 3397 892 3444 Flaccus
908 3409 975 3459 prse-

70 3480 126 3520 sens
141 3483 294 3541 monuerat,
304 3475 433 3528 rinelimato
447 3476 473 3528 in
486 3474 768 3542 Vespasianumsnimo
778 3508 785 3529 ,
797 3469 977 3592 Ξῑέθῑρῑὼῑὶθΰ
