2234 3817
333 188 566 233 astronianum
587 195 653 235 trs.
672 196 715 231 rv.
928 187 978 259 429

50 260 200 340 eorrumpi
216 270 316 332 facilis,
330 271 393 322 adeo
414 285 529 324 metuens
546 277 651 325 incerta.
665 274 747 343 lgitur
756 275 904 340 Mucianus,
915 282 980 345 tquia

50 350 202 419 propalam
211 350 323 417 opprimi
337 350 464 398 Antonius
474 352 612 416 nequibat,
624 354 712 402 multis
725 355 750 403 iu
762 366 850 405 senatu
862 355 981 406 laudibus

53 423 229 473 cumulatum
246 425 348 473 secretis
368 423 501 489 promissis
514 437 616 482 onerat,
630 428 795 478 «citeriorem
810 429 981 496 Hispaniama

57 507 219 559 ostentans,
232 514 245 546 o
256 496 369 547 discessu
384 498 469 547 Cluvii
485 499 543 548 Rufi
563 515 691 549 vacuama
704 520 710 550 :
721 503 797 551 simul
813 504 899 553 amicis
910 505 964 569 ejus
972 541 981 567 ,

59 571 219 623 tribunatus
230 570 438 638 praefecturasque
447 571 564 638 largitur.
576 574 656 638 Dein,
670 582 805 642 postquam
815 579 915 625 inanem
927 578 984 625 sni-

61 647 146 694 m'um
155 658 200 710 spe
208 656 234 694 et
241 644 358 710 cupidine
369 645 529 710 impleverat,
538 646 603 696 vires
612 647 698 696 abolet
708 670 714 707 3
728 648 830 697 dimissi
842 651 867 697 in
879 648 984 699 biberas

65 717 178 782 legione
197 718 319 785 septimi,
340 717 411 782 cujus
424 719 632 783 flagrantissimus
652 723 679 769 in
696 720 837 772 Antonium
852 739 933 774 amor.
951 726 985 776 Es

66 791 153 843 tersia
162 791 229 857 legio
239 828 245 849 ,
256 792 386 842 familiaris
395 793 471 842 Arrio
479 794 548 859 Varo
559 796 647 854 miles,
656 795 683 844 in
691 797 787 862 Syriam
797 798 909 845 remissa.
921 796 983 847 Pars

67 866 200 915 exercitiis
209 867 234 916 in
246 865 394 919 Germanias
402 866 552 917 ducebatur.
558 870 599 917 Sic
607 880 702 934 egesto,
710 867 835 934 quidquid
843 869 986 932 turbidum,

64 938 141 989 redit
156 940 217 989 urbi
232 958 277 989 sua
288 942 383 1002 lorma,
398 942 530 1007 legesque,
544 953 571 990 et
587 943 675 991 munia
685 944 886 1007 magistratuum.
932 989 934 993 ,

98 1012 158 1064 XL.
178 1013 238 1074 Quo
251 1013 293 1064 die
302 1028 417 1064 senatum
429 1017 557 1081 ingressus
570 1025 610 1064 est
618 1013 793 1072 Domitianus,
805 1032 821 1064 u
830 1015 861 1064 de
872 1016 986 1067 absentid

64 1090 154 1162 patris
169 1087 321 1156 fratrisque,
339 1106 368 1141 ac
382 1090 484 1155 juventi
501 1092 678 1156 sudu,pa11ca
695 1102 721 1140 et
736 1090 839 1142 modica
853 1089 987 1154 disseruit,

66 1167 180 1216 decorus
197 1161 300 1229 habitu,
314 1177 340 1215 et
354 1167 448 1231 ignotis
463 1166 547 1215 adhuc
564 1165 694 1224 moribus,
706 1164 793 1213 crebra
809 1164 862 1213 oris
871 1163 987 1215 conlusio
1001 1178 1006 1188 ’

68 1255 121 1309 pro
133 1236 258 1287 modestis
273 1241 453 1306 accipiebatur.
474 1240 609 1289 Relereute
626 1240 733 1303 Cesare,
751 1239 808 1288 ode
824 1238 987 1290 restituendis

69 1304 162 1364 Galia
173 1307 352 1374 honoribus»,
364 1317 463 1364 censuit
472 1315 573 1365 Curtius
586 1318 739 1373 Montanus,
752 1332 767 1363 u
776 1327 805 1363 ut
814 1311 913 1362 Pisonis
924 1329 988 1378 quo·

70 1403 124 1453 que
136 1387 257 1455 memoria
267 1388 441 1438 celebraretur
451 1406 476 1438 u.
486 1390 573 1439 Patres
583 1402 719 1455 utrumque
729 1390 823 1454 iussere
835 1406 841 1436 ε
853 1388 885 1436 de
896 1386 987 1438 Pisone

72 1462 173 1511 irritum
180 1458 239 1509 fuis.
250 1453 317 1510 Tum
328 1475 397 1510 sorte
406 1461 488 1523 ducti,
501 1481 515 1509 i<
523 1480 567 1529 per
576 1481 640 1529 quos
650 1463 818 1512 redderentur
827 1462 895 1510 bello
906 1474 988 1528 rapta,

72 1528 227 1601 quique‘rera
238 1535 340 1599 legum,
350 1547 480 1585 uetustate
496 1536 608 1604 dilapsa,
622 1549 769 1595 noscerent,
782 1538 950 1603 figereutque,
962 1547 989 1586 et

71 1607 180 1668 Festos,
192 1607 342 1658 adulatione
355 1621 499 1675 temporum
511 1609 635 1670 soedatos,
647 1622 823 1666 exonerarent,
833 1608 989 1673 modumque

72 1682 182 1750 publicis
199 1682 324 1746 impensis
338 1684 450 1731 lacerent
463 1701 489 1731 u.
503 1685 630 1732 Redditur
646 1685 733 1733 Tertio
748 1685 851 1732 Juliano
869 1692 987 1748 pratum,

70 1767 209 1823 postquam
222 1756 341 1819 cognitus
355 1765 393 1803 est
406 1753 439 1802 ad
451 1754 636 1821 Vespasianum
657 1758 808 1821 confugisse.
824 1755 923 1821 Gripho
937 1752 988 1801 bo·

15 1860 20 1887 ς
72 1845 122 1880 nor
136 1828 238 1877 mansit.
251 1825 341 1893 Repeti
357 1826 415 1875 inde
429 1830 603 1888 cognitionem
617 1830 683 1874 inter
695 1829 844 1876 Musonium
856 1827 951 1875 Rufum
963 1836 991 1876 et

74 1903 107 1951 P.
120 1899 234 1947 ederem
243 1901 353 1964 placuit,
367 1898 550 1961 damnatusque
559 1898 676 1961 Publius,
685 1910 711 1947 st
721 1899 811 1946 Sorani
820 1900 938 1947 manibus
947 1916 990 1946 sa·

79 1969 221 2023 tisiactum.
238 1972 350 2039 Insignis
361 1971 464 2038 publici
477 1972 611 2020 severitate
624 1970 693 2027 dies,
704 1987 737 2018 ne
749 1971 871 2037 privatim
886 1971 990 2036 quidem

78 2041 160 2096 laude
181 2045 280 2094 caruit:
300 2048 396 2110 justum
417 2043 540 2108 iudicium
559 2046 674 2110 explesse
694 2043 828 2093 Musonius
847 2043 988 2093 ridebatur.

81 2119 189 2169 Diversa
205 2116 270 2169 lama
282 2121 427 2181 Demetrio,
439 2122 560 2188 Cynicam
576 2131 672 2167 sectam
685 2116 812 2186 professo,
825 2115 895 2181 quiid
907 2117 992 2164 marii-

71 2194 174 2244 -lestum
183 2206 255 2243 reum
265 2195 439 2254 ambitiosius,
453 2194 528 2261 quim
540 2190 686 2253 honestius,
698 2189 860 2241 defendisset.
871 2190 922 2257 lpsi
934 2189 991 2238 Pu-

80 2267 136 2318 blio
146 2280 224 2331 neque
232 2269 331 2319 animus
340 2272 366 2319 in
378 2269 510 2335 periculis,
525 2266 701 2338 nequeuntis
715 2263 901 2332 suppeditavit.
913 2264 990 2328 Signo

83 2336 188 2389 ultionis
195 2343 220 2391 in
230 2359 388 2400 accusatores
398 2342 457 2394 dato
466 2383 472 2405 ,
482 2346 547 2412 petit
556 2344 673 2394 iCesare
683 2341 773 2390 Iunius
784 2339 928 2403 Mauricus,
939 2349 993 2408 cut

83 2419 324 2469 commentariorum
338 2421 519 2486 principalium
536 2429 690 2486 potestatem
706 2417 804 2466 senatui
819 2413 927 2473 laceret,
945 2426 993 2481 per

83 2507 146 2556 quos
161 2508 292 2555 nosceret,
310 2513 386 2561 quem
402 2498 508 2562 quisque
523 2493 693 2545 accusandum
709 2490 878 2561 poposcisset.
892 2491 993 2539 Consu-

81 2565 190 2615 lsndum
201 2569 247 2616 tali
258 2585 333 2635 snper
343 2587 371 2621 re
380 2572 524 2638 principem
534 2590 560 2626 u,
573 2569 713 2636 respoudit.

117 2638 188 2687 XLI.
208 2641 327 2701 ¹Senatus,
337 2644 518 2695 inchoantibus
533 2643 701 2709 primoribus,
713 2635 888 2701 jusjurandum
900 2650 995 2685 cones-

83 2711 140 2779 pti,
152 2729 202 2777 quo
214 2717 329 2766 certatim
341 2734 429 2775 omnes
437 2717 612 2782 magistratus,
624 2713 703 2761 ceteri
713 2723 743 2759 ut
755 2712 907 2760 sententiam
921 2726 995 2777 roga·

88 2786 194 2845 bantur,
214 2790 309 2851 «Deos
328 2804 432 2843 testera
452 2787 626 2842 advocabant,
646 2803 660 2834 (ι
668 2783 732 2832 nibil
753 2800 800 2849 ope
821 2783 865 2832 sui
883 2783 994 2847 lactum,

89 2874 140 2924 quc
155 2861 301 2928 cujusquam
313 2867 380 2917 salus
391 2865 524 2915 luderetur
534 2899 542 2926 ,
553 2873 637 2926 neque
654 2877 679 2909 se
694 2860 844 2926 premium,
855 2869 899 2905 aut
913 2856 995 2904 hono-

87 2948 153 2989 rent.
166 2945 198 2985 ex
209 2939 353 2987 calamitate
370 2939 462 2988 civium
479 2935 617 3002 cepissent
633 2931 754 2999 trepidis,
766 2944 792 2980 et
803 2931 878 2979 rerba
893 2929 996 2995 jurisju-

89 3007 162 3058 randi
170 3025 213 3075 per
222 3015 306 3061 varias
316 3019 385 3062 artes
395 3010 567 3068 mutantibus,
577 3008 633 3073 quis
643 3008 730 3074 flagitii
742 3005 894 3055 couscientia
904 3005 994 3053 inerat.

90 3077 233 3131 Probabant
243 3086 394 3152 religionem
409 3097 507 3151 patres,
520 3084 660 3150 perjurium
672 3081 819 3148 arguebant.
830 3081 916 3142 anue
925 3076 1010 3124 velut=

48 3146 51 3153 ¹
90 3169 206 3215 censura,
219 3156 245 3206 in
254 3160 414 3211 Sariolenum
425 3160 564 3222 Voculam,
578 3170 604 3208 et
616 3154 726 3208 Nouiur'n
735 3157 884 3212 Actianum,
897 3165 922 3201 et
931 3153 996 3201 Ces-

93 3230 155 3281 tium
175 3230 296 3282 Severum
309 3233 430 3283 acerrimi
447 3232 579 3285 incubuit.
592 3232 693 3286 crebris
702 3230 768 3297 apud
784 3230 913 3280 Neronem
926 3223 998 3272 dela-

92 3303 200 3356 tionibus
216 3307 339 3358 samosos.
358 3309 517 3357 Sariolenum
536 3319 563 3355 et
575 3322 662 3357 recens
680 3308 777 3355 crimen
792 3302 910 3368 urgebat,
928 3295 998 3361 quiid

92 3377 157 3445 apud
168 3380 307 3431 Vitellium
319 3382 425 3432 molitus
436 3380 523 3429 eadem
536 3378 602 3429 loret
615 3396 622 3426 ε
633 3394 681 3445 nec
691 3378 790 3426 destitit
800 3385 900 3421 senatus
910 3385 999 3419 manus

94 3451 439 3528 iriensirev00u12‚'d0nec
451 3460 521 3512 curia
529 3458 671 3512 excederet.
680 3459 722 3514 Ad
731 3457 845 3513 Paccium
853 3451 1001 3511 sutanum
