2234 3817
131 79 178 131 us
224 130 227 135 ,
353 112 355 119 ⁴
448 95 472 155 c,
491 109 587 149 coar.
606 113 719 157 nactur

125 180 196 232 tariis
205 183 349 256 Agrippias
357 228 364 249 ,
373 191 428 243 filis
441 215 446 243 ι
457 215 511 262 quae
521 201 630 255 Neronia
640 209 762 278 principis
770 227 850 269 metet
856 258 866 283 ,
874 222 955 276 sitam
963 240 1042 285 suam

124 264 151 306 et
164 273 235 308 casus
247 278 351 313 snorum
363 272 472 337 posteris
485 282 646 330 memorarit.

156 326 232 381 le.·
241 337 358 389 Ceterirm
367 342 471 405 Sejanus
481 364 630 402 maerentem
640 369 666 406 et
678 359 844 425 improvidam
855 368 928 420 altitls
937 390 1042 438 percu..

123 403 168 461 lit,
188 405 306 460 immissis
318 449 324 468 ,
338 415 382 478 qui
391 433 437 482 per
450 423 559 485 speciem
570 424 843 496 amicitiae'monerent,
857 456 997 507 «paratum
1009 452 1037 500 ei

122 491 270 535 venenum,
286 485 505 543 vitandassoceri
522 500 608 563 epulas
619 519 644 550 s.
664 505 748 570 Atque
765 509 823 569 illo,
840 515 1033 574 simulationum

120 550 219 612 nescia,
230 570 307 616 quum
314 571 419 624 propter·
431 564 617 632 discumberet,
628 593 677 625 non
692 580 813 634 vultuaut
823 602 937 640 sermone
948 595 1028 663 flecti,
1052 627 1055 631 -

119 623 202 671 nullos
220 628 343 694 attingere
360 635 446 700 cibos3
463 639 544 692 donec
561 646 674 701 advertit
688 655 822 721 Tiberius,
832 659 911 722 lorti,
925 672 1033 734 anquis

118 695 261 748 audiverat.
272 699 348 768 iilqus
358 707 409 772 qub
420 712 503 763 acrius
514 723 689 784 experiretur,
704 745 779 793 poma
792 747 819 781 ut
828 747 900 787 erant
911 740 1032 807 adposita

115 767 320 832 laudans,nurui
337 782 381 841 sui
393 801 471 847 manu
481 791 587 844 tradidit
605 814 698 850 :sucta
716 820 746 853 cs
761 822 791 854 eo
804 813 915 876 suspicio
933 814 1032 883 Agrip·

115 843 193 907 pinse,
203 857 230 894 et
240 850 331 904 intacta
346 872 405 922 ore,
422 863 501 911 serris
512 871 620 920 tramisit
631 890 637 920 :
648 890 694 921 nec
705 886 790 927 tamen
804 882 901 933 Tiberii
914 904 963 938 vox
982 906 1032 938 co-

114 914 169 965 rbm
180 933 276 987 secuta,
283 927 328 974 sed
338 930 460 984 obversus
467 937 499 985 ad
510 953 627 1004 matrem,
637 963 709 997 «non
720 950 815 1001 mirum
821 973 847 1020 s,
853 959 899 1013 ait,
914 963 955 1010 «οἱ
966 965 1032 1026 quid

115 992 227 1041 severius
239 994 264 1043 iu
280 1013 336 1047 eam
347 1008 493 1070 statuisset,
506 1011 521 1060 i
532 1029 581 1080 qua
598 1021 711 1070 veneficii
727 1025 947 1083 insimularetur».
962 1037 1028 1089 inde

113 1078 217 1125 rumor,
230 1074 337 1134 «parari
348 1080 472 1150 exitium5
484 1103 565 1152 neque
583 1093 610 1141 id
626 1096 806 1163 imperatorem
817 1105 900 1172 polim
916 1109 1027 1181 audere,

109 1147 236 1190 secretam
249 1142 280 1190 ad
292 1155 490 1214 perpetrandum
500 1165 576 1227 queri
587 1183 612 1218 n.

144 1211 199 1261 LV.
210 1213 260 1267 Sed
270 1218 368 1286 cesar,
379 1226 430 1290 qud
442 1228 535 1284 samem
545 1253 669 1292 averteret
677 1278 685 1303 ‚
695 1245 781 1296 adesse
791 1248 908 1316 frequens
914 1251 1029 1321 lenatui,

109 1282 258 1353 legatosque
272 1293 353 1356 Asin,
365 1303 524 1370 ambigentes
540 1317 673 1378 «quinam
684 1321 708 1370 in
722 1322 824 1372 civitate
834 1331 959 1394 templum
972 1330 1043 1382 sta-'

36 1358 38 1365 ’
112 1371 237 1424 tueretur,
250 1368 330 1432 pluris
339 1390 384 1439 per
394 1376 448 1427 dies
463 1383 568 1438 audivit.
585 1390 710 1444 Undecim
725 1397 798 1445 urbes
808 1403 953 1466 certabant,
966 1411 1022 1474 pari

109 1433 256 1497 ambitione,
266 1444 361 1499 viribus
368 1449 472 1513 diversa
480 1475 486 1505 ι
493 1476 574 1526 neque
582 1465 693 1517 multum
699 1467 816 1519 distantia
824 1474 921 1524 iuterse
928 1492 1026 1530 memo·

108 1504 207 1561 rabant,
219 1526 233 1555 n
243 1511 274 1560 de
290 1530 414 1573 vetustata
424 1535 537 1597 generis,
547 1526 633 1587 studio
644 1540 670 1587 in
681 1541 804 1607 populum
811 1546 968 1611 Romanum,
977 1571 1025 1619 per

108 1575 174 1625 bella
188 1581 258 1632 Persi
272 1588 443 1647 etAristonici
452 1603 614 1672 aliorumque
621 1627 710 1678 regum
716 1631 740 1662 u.
751 1613 849 1666 Verirm
866 1619 1004 1688 Hypaepeni
1011 1660 1022 1684 ,

106 1649 279 1722 Trallianique
285 1696 293 1719 ,
302 1663 653 1746 Laodicenisaclllagnetibus
664 1687 750 1750 simul,
760 1690 882 1749 tramissi,
893 1707 921 1743 ut
928 1711 1019 1760 parum

78 1736 80 1740 ’
107 1722 194 1786 validi.
208 1728 246 1777 Ne
260 1730 364 1789 Ilienses
373 1744 479 1807 quidem
489 1786 496 1809 ,
509 1768 587 1815 quum
604 1772 748 1822 «parentes
761 1762 830 1812 urbis
848 1763 932 1813 Rornae
946 1765 1017 1816 Tro·

105 1795 157 1858 jam
167 1814 181 1846 u
203 1801 338 1869 referrent,
349 1816 398 1865 nisi
408 1823 566 1887 antiquitatis
574 1829 655 1891 glorie
664 1834 795 1897 pollebant
803 1854 810 1883 ε
819 1838 921 1901 paulum
928 1839 1019 1889 addu-

50 1909 53 1915 ,
105 1867 609 1951 bimum,qnsdt1sticamanti«mitte
623 1915 650 1953 et
660 1903 782 1957 ducentos
795 1924 839 1975 per
854 1927 934 1961 annos
943 1914 1019 1965 nullo

76 1996 80 1999 Δ
105 1955 178 1995 motu
196 1960 266 2003 terra
287 1964 415 2018 nutavisse
435 1969 507 2022 aedes
525 1990 600 2037 suas,
611 1978 723 2048 viroque
739 1983 765 2033 iu
780 1999 839 2033 saxo
851 1982 1019 2038 fundamenta

104 2022 194 2088 templi
203 2024 444 2093 adaeycrnteranta.
453 2045 624 2114 Pergamenos
634 2052 674 2120 (eo
682 2059 738 2123 ipso
746 2059 1019 2127 nitebanturledebu·
1059 2097 1065 2107 ·

75 2125 77 2129 ψ
104 2107 178 2161 gusto
196 2097 230 2148 ibi
248 2104 310 2168 sita,
322 2115 382 2163 satis
399 2115 519 2186 adeptos,
535 2125 672 2178 creditum.
688 2131 806 2196 Ephesii,
820 2134 976 2200 Milesiique,
988 2133 1015 2187 hi

103 2171 247 2234 Apollinis,
270 2179 307 2227 illi
328 2184 412 2241 Dianas
430 2195 575 2246 carimonii
593 2192 756 2267 occupavisse
773 2207 889 2255 civitates
901 2210 959 2258 visi.
978 2209 1016 2258 lta

101 2240 236 2294 Sardianos
250 2247 332 2312 inter,
343 2257 548 2330 Smymaerosque
560 2270 736 2322 deliberatum.
749 2275 864 2325 Sardiani
882 2279 1016 2335 decretum

102 2310 206 2361 Etruriae
214 2318 353 2377 recitavere
364 2365 370 2385 ,
382 2343 412 2381 ut
421 2343 619 2407 consanguinei:
632 2363 691 2394 nam
702 2345 885 2410 «Tyrrhenum
896 2353 1015 2414 Lydum·

100 2398 150 2446 que
159 2385 226 2452 Atye
242 2407 300 2457 rege
313 2401 428 2466 genitos,
442 2410 475 2458 ob
491 2418 684 2467 multitudinem
697 2418 810 2464 divisisse
824 2432 927 2481 gentem
938 2440 944 2470 :
957 2425 1012 2490 Ly·

43 2478 49 2482 -
101 2453 163 2503 dum
172 2461 260 2522 patriis
268 2465 383 2524 interris
393 2482 531 2555 resedisseq
540 2490 673 2558 Tyrrheno
683 2489 769 2539 datum
780 2506 860 2538 novas
868 2503 898 2540 ut
909 2494 1010 2544 conde-

99 2529 219 2597 retsedes
225 2554 231 2584 :
243 2551 268 2592 et
278 2540 372 2596 ducum
383 2550 396 2598 ὲ
406 2560 553 2613 nominibus
562 2565 642 2614 indita
652 2560 789 2619 vocabula,
799 2564 851 2613 illis
859 2581 903 2631 per
910 2569 1007 2627 Asiam,
1034 2605 1039 2611 -

99 2599 138 2650 lris
149 2606 174 2653 in
188 2609 259 2663 ltalii
272 2634 278 2665 :
291 2631 441 2690 auctamque
451 2632 534 2685 adbuc
550 2637 681 2704 Lydorum
700 2635 872 2702 opulentiam,
884 2641 968 2728 missis
983 2643 1010 2692 in

13 2718 18 2721 „
98 2675 223 2731 Graciam
230 2694 390 2756 populis,cui
396 2706 457 2753 rison
464 2707 479 2756 i
487 2709 581 2778 Pelope
587 2728 679 2760 nornen
687 2729 712 2760 n:
722 2710 799 2760 simul
806 2714 1011 2781 relitterastmpe·

95 2760 211 2803 ”mmm
221 2778 233 2815 ι’
244 2767 328 2817 elicta
335 2773 467 2828 nobiscum
476 2781 568 2834 foedera
578 2786 648 2839 hello
658 2785 842 2848 Mecfidffll'lffls
853 2787 1011 2836 uberum·

96 2837 145 2884 que
154 2825 290 2885 fluminum
302 2857 422 2909 suorum,
440 2859 591 2920 temperiem
603 2860 674 2921 coeli,
683 2875 713 2908 sc
722 2858 788 2907 dites
797 2857 893 2911 circitm
904 2872 1005 2912 terras»

95 2904 283 2958 memorabant.
319 2950 323 2959 ,
783 2976 786 2981 ,

126 2969 196 3022 LVI.
204 2977 239 3025 At
244 2981 378 3049 Smyrnaei,
390 2998 499 3061 repetiti
509 3002 650 3070 vetustate,
660 3021 725 3056 «seu
734 3005 857 3056 Tantalus
865 3003 927 3055 lore
934 3019 1008 3059 ortus

96 3041 156 3090 illos
162 3080 172 3103 ‚,
182 3047 234 3096 sive
241 3051 354 3109 Theseus
363 3063 449 3117 divini
460 3081 486 3120 et
495 3073 548 3137 ipse
555 3075 649 3142 stirpe,
659 3080 715 3128 sive
724 3096 773 3129 uns
779 3078 939 3130 Amazonum
947 3098 1007 3142 son·

95 3114 200 3168 didimi
208 3139 238 3181 t),
254 3136 412 3188 transcedens
423 3143 454 3191 sd
465 3162 507 3203 ea,
520 3145 576 3211 quis
585 3153 698 3204 maximi
708 3154 833 3216 fidebant,
845 3156 872 3204 in
882 3157 1007 3221 populum

91 3189 238 3248 Romanum
246 3204 348 3266 officiis,
357 3214 525 3271 missinavsti
536 3222 684 3287 copii,non
691 3229 918 3281 modbeateruasd
926 3230 1007 3289 belle,

92 3261 137 3309 sed
145 3272 312 3327 quainltalisi
321 3282 506 3337 tolerabantur:
516 3307 613 3354 nseque
624 3300 725 3358 primos
737 3302 863 3364 templum
876 3303 942 3351 urbis
949 3304 1007 3349 Ro·

89 3345 138 3386 mss
147 3341 277 3407 statuisse,
288 3348 325 3397 tt.
334 3350 425 3402 Porcio
435 3361 556 3423 consule,
566 3367 666 3439 magnis
677 3372 781 3435 quidam
789 3373 941 3441 jampopuli
948 3376 1005 3427 Ro-
