2234 3817
89 97 138 150 252
401 110 426 149 e.
449 111 542 150 coar.
566 84 679 153 uterer

90 190 183 240 uirium
192 198 313 257 expertae
324 201 388 240 erret
397 206 423 240 a.
441 191 491 241 Ubi
503 192 555 241 baeo
567 192 581 242 i
597 194 701 245 tribuno
715 193 877 256 refutarunt,
889 196 1004 265 Poppae(

89 262 250 327 et'ligellino
261 279 358 323 coram,
372 264 502 329 quoderat
511 269 623 331 aaeriepti
635 268 1004 334 principiintimumeonailio·

88 351 165 397 rum,
180 338 317 404 interrogat
331 356 337 387 ε
353 355 368 386 u
380 356 412 387 an
427 341 521 389 Seneca
536 342 707 391 voluntariam
722 356 832 392 mortem
848 356 974 410 pararet»
989 344 1003 396 f

88 407 158 461 Tum
170 410 302 467 tribuunt,
320 428 335 459 u
343 412 413 459 nulla
424 414 527 478 parocia
537 414 625 477 rigna,
636 412 701 462 nihil
714 416 784 464 triete
796 415 823 464 in
837 416 920 467 verbie
929 418 1003 482 ciue,

89 495 135 533 aut
145 484 217 532 vultu
227 520 234 541 ,
246 482 428 550 deprehensum
439 503 468 545 n,
481 488 648 537 confirmavit.
663 486 730 553 Ergo
743 488 881 553 «regredi,
893 501 919 539 et
929 490 1001 540 indi-

89 571 148 607 cere
161 568 293 607 mortemn
307 558 418 623 jubetur.
430 560 518 611 Tradit
535 562 629 613 Fabiue
641 564 778 626 Rusticue,
794 581 869 613 onon
882 581 912 613 eo
920 601 929 629 ,
943 579 997 630 quo

88 641 207 693 uenerat,
221 631 311 679 itinere
323 631 448 688 reditum.
465 633 509 683 aed
523 635 622 684 flexiree
633 633 666 683 ad
676 634 785 684 Feuium
797 634 959 701 prefectum,
970 649 1000 688 et

89 705 211 770 exponitis
220 705 325 755 Catarie
334 706 423 769 inerit,
433 724 464 755 an
477 709 680 774 obtemperaret,
691 710 883 775 interrogaviete
893 727 900 759 ε
911 712 999 760 moni·

89 787 195 843 tumque
204 777 236 825 ab
248 792 293 833 eo,
305 792 334 829 ut
345 792 522 846 exsequeretur
529 799 560 849 ”3
570 782 639 831 fatali
650 783 764 833 omniurn
774 784 874 850 ignaril
884 800 891 832 r
901 800 960 833 nam
970 795 999 834 et

88 850 208 900 Silvanus
223 852 291 901 inter
305 853 450 917 conjurator
462 868 533 916 eret,
549 857 706 922 augebatque
720 857 831 914 scelere,
847 856 873 905 iu
887 873 999 921 quorum

90 923 217 973 ultionem
225 940 396 978 consenserat.
403 930 469 981 Voei
480 941 564 980 tamen
572 940 598 978 et
605 928 737 995 adspectui
746 931 867 996 pepercit·
877 927 1000 981 intromi-

89 999 175 1064 aitqne
191 999 222 1048 ad
235 1002 354 1053 Senecam
370 1021 450 1056 unum
464 1021 496 1055 ex
513 1003 704 1056 centurionibus
713 1040 721 1066 ,
737 1006 781 1069 qui
799 1006 999 1056 eneceetiutem

89 1072 232 1124 ultimamu
248 1074 418 1129 denuntiaret.
565 1131 568 1134 ,

80 1193 82 1196 ,
122 1146 205 1198 Lxu.
215 1149 262 1199 llle
270 1151 489 1219 interrituaporoit
499 1153 663 1204 uteetameuti
671 1149 768 1202 tabulae
775 1168 791 1201 a
802 1169 809 1201 ι
819 1167 849 1200 ac
858 1149 999 1216 denegante

90 1221 254 1282 centurione,
263 1225 438 1276 convereuaad
446 1227 555 1287 amicoe,
568 1225 690 1292 equando
701 1225 894 1276 mer-itireorum
906 1221 998 1274 referre

89 1293 198 1356 gratiam
210 1294 403 1364 prohiberetur,
416 1295 484 1362 quod
498 1315 578 1349 unum
590 1298 654 1364 jam,
666 1309 691 1347 et
703 1310 787 1346 tamen
798 1295 999 1363 pulcherrimum

90 1363 339 1435 babeat,‚imaginem
348 1373 407 1421 vitre
414 1388 463 1420 rure
472 1372 614 1436 relinquere
622 1380 755 1425 lentatur:
761 1370 833 1434 cujus
841 1373 861 1419 ai
870 1382 999 1418 memoret

87 1448 172 1485 errent
181 1438 306 1490 bonarum
314 1445 421 1505 artium,
429 1443 521 1492 famam
532 1455 585 1493 tam
593 1441 731 1492 constantie
739 1442 855 1490 amicitiae
865 1439 997 1489 laturott.

67 1508 69 1511 ’
88 1509 169 1557 Simul
180 1510 304 1577 lacrymae
316 1532 420 1579 eorum,
434 1516 513 1565 modb
524 1530 656 1573 rerrnone,
672 1510 751 1562 modd
766 1513 887 1563 intentior
900 1513 928 1562 iu
939 1527 997 1561 rno-

91 1580 153 1631 durn
163 1585 317 1649 coercentis,
332 1586 365 1633 ad
374 1584 556 1634 firmitudinem
569 1593 684 1642 revocat,
698 1584 814 1649 rogitans
824 1603 830 1634 :
841 1602 857 1633 n
865 1584 916 1633 Ubi
927 1600 997 1650 pra-

86 1665 163 1720 cepta
173 1655 322 1722 sapientire?
337 1657 381 1706 ubi
393 1667 432 1705 tot
440 1671 485 1720 per
494 1672 574 1704 annor
583 1655 703 1703 meditata
715 1655 780 1703 ratio
792 1654 929 1705 adversum
944 1661 996 1708 im·

88 1726 230 1779 minentia?
249 1728 299 1788 Cui
313 1729 381 1779 enim
400 1728 511 1792 ignaram
525 1727 602 1776 fuirae
618 1726 739 1775 ueritiam
755 1725 887 1775 Neronia?
902 1728 995 1791 Neque

86 1801 158 1852 allud
170 1816 316 1867 eupereaee,
331 1813 390 1869 port
405 1814 515 1852 matrem
532 1800 684 1865 fratremque
697 1796 857 1858 interfector,
870 1797 947 1863 quim
963 1811 994 1850 ut

86 1871 231 1925 educatoris
243 1876 454 1942 praceptorieque
464 1890 553 1924 necem
563 1871 684 1935 adiiceret
691 1887 718 1920 u.

121 1946 220 1997 LXIII·
231 1948 283 1998 Ubi
295 1946 433 2013 liceatque
445 1947 505 1997 talia
517 1946 588 1995 reiut
597 1946 767 1995 incommune
779 1943 913 2004 dieteruit,
924 1959 995 1995 eonas

85 2022 209 2092 plectitur
220 2038 343 2084 uxorem,
359 2034 386 2071 et
396 2019 529 2090 paululum
539 2018 659 2068 adrereur
672 2030 820 2083 praeentem
831 2017 994 2070 formidinem

87 2096 213 2154 mollitur,
219 2106 292 2160 roget
300 2108 415 2160 oratque,
425 2103 600 2159 eremperaret
608 2090 722 2139 dolorem
729 2102 851 2140 aeternnm
857 2093 996 2159 succipere,

87 2167 136 2218 red
145 2169 171 2217 in
181 2168 394 2232 contemplatione
405 2167 462 2216 vitre
472 2181 518 2231 per
530 2165 649 2213 virtutem
657 2174 718 2211 acte
724 2199 733 2224 ,
747 2163 898 2214 desiderium
911 2165 996 2214 mariti

86 2241 186 2291 eolatiie
197 2237 311 2287 honestis
320 2239 470 2287 toleraretur⁴
483 2237 531 2285 Illa
540 2234 629 2284 contri
635 2270 642 2293 ,
655 2250 669 2282 u
679 2235 726 2284 ribi
736 2245 838 2300 quoque
846 2235 994 2288 destinatam

89 2324 221 2365 mortemu
234 2309 380 2362 adsereret,
390 2322 546 2371 manumque
560 2308 717 2374 percutaorie
731 2310 853 2374 exposcit.
865 2311 932 2359 Tum
946 2312 994 2361 Se-

89 2401 167 2442 neca,
181 2381 264 2448 glorire
275 2379 329 2446 ejur
345 2395 396 2429 non
409 2379 543 2438 adrereut,
563 2379 641 2429 dmul
651 2395 749 2443 amore,
761 2396 793 2431 ne
806 2382 855 2431 eibi
866 2384 940 2433 unice
951 2385 998 2434 dt:

88 2460 181 2508 lectam
188 2454 327 2518 adinjuriaa
334 2454 500 2520 relinqueret:
511 2453 616 2514 eVitaen,
624 2452 714 2519 inquit,
726 2451 994 2509 udelimmentamout·

89 2547 214 2585 trarerarn
226 2530 286 2589 tibi,
301 2540 329 2579 tu
341 2531 431 2579 mertia
447 2529 523 2579 decue
541 2529 640 2578 mavia:
658 2545 711 2578 non
727 2529 849 2581 invidebo
864 2535 992 2601 exemplo.

89 2611 128 2659 Sit
138 2607 213 2674 bujur
223 2618 276 2658 tatu
291 2604 365 2657 fortia
379 2605 463 2655 exitur
477 2607 617 2655 constantia
628 2620 706 2671 penea
717 2611 907 2673 utrosquepar,
918 2609 992 2658 olari-

88 2680 186 2734 tudinie
200 2681 257 2748 plue
272 2680 299 2731 in
317 2692 367 2732 tuo
377 2681 426 2731 fine
436 2697 461 2730 a.
480 2679 540 2731 Purt
556 2696 610 2744 qna
626 2676 719 2729 eodem
734 2679 789 2727 ictu
807 2679 908 2730 brachia
925 2681 991 2731 ferro

90 2757 232 2806 erroirunt.
242 2757 349 2817 Seneca,
358 2758 478 2821 quoniam
490 2757 568 2806 renile
580 2770 684 2822 corpur,
698 2765 725 2802 et
735 2770 812 2820 pareo
822 2756 890 2805 rictu
902 2768 993 2806 tenua·

88 2840 147 2878 turn
154 2865 161 2885 ,
169 2830 238 2880 lenta
245 2830 336 2895 effugia
344 2833 458 2895 sanguini
466 2831 605 2896 prebebat,
612 2844 715 2878 crurum
724 2844 824 2893 quoque
831 2840 857 2876 et
865 2830 991 2894 poplitum

88 2917 167 2950 renat
173 2902 311 2967 abrumpit.
318 2903 443 2966 Serirque
451 2904 604 2953 cruciatibue
612 2900 735 2960 deferent,
744 2918 776 2949 ne
785 2899 872 2966 dolore
879 2917 925 2948 ruo
931 2904 989 2949 ani-

91 2988 163 3023 mum
175 2973 260 3020 uxorir
272 2971 437 3038 infringeret,
449 2985 524 3038 atque
539 2978 594 3042 ipre
612 2973 717 3023 virendo
733 2973 785 3036 ejue
801 2983 940 3030 tormento,
954 2970 990 3021 ad

89 3043 272 3110 impatientiam
288 3042 461 3107 delaberetur,
477 3049 567 3098 tundet
584 3050 634 3098 ein
647 3045 715 3098 eliud
730 3043 874 3094 cubiculum
897 3045 987 3095 abece-

89 3118 191 3169 deretn.
203 3116 237 3165 Et
244 3118 382 3168 norierinro
393 3135 494 3185 quoque
501 3134 631 3171 momento
641 3117 816 3185 suppeditante
829 3118 992 3185 eloquentil,

81 3188 401 3256 advocatiaecriptoribnr,
410 3192 527 3258 pleraque
535 3189 651 3257 tradidit,
660 3208 714 3257 qua
723 3192 749 3239 in
758 3192 848 3257 vulgue
856 3191 925 3243 edita
934 3192 989 3259 ejue

85 3263 183 3321 rerbir,
198 3263 321 3311 invertere
332 3264 492 3327 supersedeo.

118 3332 212 3388 mv.
221 3332 257 3388 At
267 3334 350 3399 uero,
363 3336 435 3390 nullo
444 3337 621 3404 iuParrlliram
633 3336 737 3406 proprio
749 3336 826 3404 odio,
838 3353 870 3388 ac
882 3353 915 3389 ne
925 3336 988 3405 glire
