2234 3817
133 184 182 237 856
444 200 469 237 e.
491 195 588 238 cont.
608 186 728 238 rscr'rt

130 280 218 329 celsus
234 277 418 341 etPaullinus,
441 294 520 343 quum
542 279 677 345 prutenus
697 292 790 326 eorum
810 292 888 327 nemo
912 269 1038 341 utereturi

128 354 308 403 inaninomine
318 355 409 402 ducunt
419 355 520 416 ,aliena
531 354 609 420 culpat
619 352 846 419 praetendeltantur
856 370 863 399 ι
875 352 973 401 tribuni
985 361 1038 397 cett·

127 427 290 488 nationesque
302 425 428 487 ambigui
440 427 524 488 quod,
537 427 626 489 spretis
641 426 803 486 melioribus,
821 424 956 473 deterrimi
971 422 1037 470 rale-

126 497 208 545 bant:
226 499 299 545 miles
310 499 409 545 alacer
404 512 467 558 qur
478 506 562 543 tamen
576 512 641 556 tussa
656 496 769 543 dueum
762 497 949 562 interpretari,
967 491 1053 562 qulm

127 571 245 633 assequi,
256 571 351 620 mallet.
361 561 507 617 Promoreri
517 568 548 617 sd
557 567 828 649 quartumllledritrco
839 582 924 617 eastra
935 565 1039 633 placuit3'

127 640 191 689 adeo
204 642 331 707 imperite,
344 653 373 690 ut
383 657 526 706 quanquam
537 658 616 689 veruo
634 651 747 705 tempore
762 641 842 703 antri,
855 653 883 690 et
896 651 935 689 tot
946 631 1040 688 circtlm‘

127 715 259 776 amnibus,
271 712 376 786 penurii
396 730 464 777 aquae
479 712 653 779 fatigarentur.
672 712 711 760 lbi
726 712 758 759 de
776 679 869 778 praelio
884 713 1038 767 dubitatum,

128 784 228 833 Othone
242 801 288 850 per
298 788 397 834 litteras
408 786 546 849 flagitante,
560 797 589 832 nt
601 795 777 833 maturarent
770 785 934 845 militibus,
949 792 975 829 ut
988 782 1038 828 im·
1038 779 1042 800 ²

127 869 230 922 perator
237 875 326 923 pugna
335 858 446 915 adesset,
456 858 636 924 poscentibus:
644 858 758 921 plerique
765 859 858 923 copias
867 870 936 905 trans
945 852 1038 903 Padum

128 943 232 994 agentes
245 934 322 981 acciri
314 933 502 998 postulabant.
517 932 573 981 Nec
585 931 687 997 perinde
701 930 843 992 diiudicari
858 941 959 997 potest,
977 924 1037 991 qnid

128 1004 255 1067 optimum
265 1003 359 1054 factum
368 1006 456 1065 luerit,
468 1004 543 1070 quim
555 1007 691 1068 pessimum
702 1003 795 1066 luisse,
808 1005 881 1069 quod
893 1004 1039 1053 factumest.

161 1077 217 1123 XL.
228 1078 284 1125 Nou
294 1089 324 1125 ιιι
336 1077 367 1125 ad
377 1094 486 1142 pugnam
496 1114 503 1139 ,
515 1077 559 1126 sed
567 1078 598 1124 ab
606 1075 755 1124 bellandum
767 1077 884 1142 profecti
891 1116 901 1138 ‚
913 1075 1041 1124 conlluen·

129 1158 167 1195 tet
178 1147 241 1195 Padi
255 1162 281 1198 et
296 1147 393 1199 Addua
405 1152 554 1210 fluminum,
567 1148 676 1197 sedecim
690 1148 747 1196 inde
764 1151 881 1198 millium
893 1150 973 1215 spatio
986 1144 1039 1193 dit

130 1230 225 1278 tentes,
244 1223 373 1287 petebant.
387 1224 461 1271 Celso
474 1234 500 1272 et
513 1221 629 1271 Paullino
647 1221 835 1282 abnuentibus,
853 1223 982 1271 «militem
994 1218 1038 1265 iti·

130 1305 189 1341 nere
205 1293 316 1356 fessum,
331 1297 436 1344 sarcinis
452 1313 552 1361 gravem
563 1331 570 1353 ‚
583 1294 692 1359 obiicere
708 1293 794 1352 hosti,
813 1301 869 1346 nori
882 1295 1037 1348 admissuro,

130 1370 266 1429 quominus
279 1369 427 1434 expeditus,
440 1382 465 1419 et
478 1372 523 1420 vix
537 1380 645 1433 quatuor
657 1369 737 1417 millia
746 1385 871 1433 passuum
884 1379 1040 1434 progressus,

129 1450 172 1486 aut
184 1441 365 1505 incompositos
375 1445 401 1490 in
414 1444 529 1508 agmine,
545 1454 589 1492 aut
599 1442 740 1508 dispersos,
754 1452 780 1490 et
792 1445 892 1492 vallum
900 1440 1037 1488 molientes

129 1508 336 1574 adgrederetur».
349 1515 468 1564 Titianus
480 1517 655 1571 etProculus‚
669 1515 713 1561 ubi
729 1517 843 1564 consiliis
860 1517 1039 1574 vincerentur,

128 1581 175 1631 ad
170 1600 207 1644 rus
226 1587 325 1650 imperii
339 1590 490 1639 transibant.
508 1589 606 1639 Aderat
617 1586 676 1635 stud
686 1588 751 1635 citus
764 1604 829 1651 equo
842 1584 970 1640 Numida,
983 1593 1039 1629 cum

127 1656 255 1704 atrocibus
267 1657 409 1717 mandatis,
424 1662 515 1725 quihus
532 1659 616 1711 Otho.
636 1657 759 1721 increpiti
776 1659 897 1707 «ducum
915 1650 1039 1718 aequitii,

127 1741 217 1777 rernm
229 1728 366 1779 discrimen
377 1734 464 1782 mitti»
477 1730 595 1793 rubebat
607 1728 766 1811 egenum,
780 1740 805 1775 et
817 1746 873 1793 sper
886 1729 1039 1792 impatiens.

159 1800 227 1847 XLI.
241 1800 335 1851 Eidem
354 1803 413 1861 die,
430 1803 460 1852 ad
474 1802 612 1858 Casinam,
628 1801 699 1864 operi
713 1800 797 1864 pontis
815 1801 963 1856 intentum,
984 1797 1039 1845 duo

128 1873 299 1934 preterieram
319 1874 462 1925 cohortium
482 1873 594 1934 tribuni,
613 1870 804 1935 colloquium'
785 1887 838 1934 erus
854 1868 1038 1937 postulantes,

129 1954 261 1993 venerunt.
277 1945 374 1997 Audire
391 1946 566 2009 conditiones,
579 1960 609 1993 ac
621 1943 726 1993 reddere
738 1944 854 2009 parabat,
868 1958 951 2008 quum
969 1943 1039 2014 prae-3

128 2013 219 2081 cipites
229 2021 398 2084 exploratores
408 2021 493 2070 adesse
504 2020 606 2070 hostem
617 2018 775 2067 nuntiavere.
783 2016 947 2083 Interruptus
957 2014 1037 2064 tribu·

129 2102 220 2138 norum
237 2109 337 2143 aetrno:
350 2095 430 2160 edque
442 2097 568 2146 incertum
586 2087 650 2156 snit,
669 2090 786 2149 insidias,
801 2108 833 2140 an
844 2087 1036 2172 proditionem,

114 2161 169 2224 *rel
182 2161 283 2226 aliquod
303 2167 437 2217 honestum
453 2167 591 2216 consilium
609 2163 783 2245 captaverint.
796 2165 911 2224 (lecina,
924 2151 1036 2210 dimissis

92 2272 98 2284 ,
129 2233 253 2293 tribunis,
268 2242 532 2296 revectuaincastra‚
550 2234 720 2298 datumjuesu
731 2235 802 2283 Fabii
818 2236 1033 2300 Valentispugna

128 2306 241 2371 tignum,
256 2323 282 2360 et
295 2315 429 2362 militem
422 2332 449 2362 ιιι
461 2314 539 2361 armis
555 2309 661 2359 invente.
677 2307 744 2355 Dum
759 2310 871 2371 legiones
889 2309 922 2357 de
942 2306 1029 2355 ordine

129 2380 235 2441 agminia
247 2386 405 2448 sortiuntur,
419 2386 516 2447 equites
527 2380 680 2446 prorupere,
695 2390 721 2427 et
734 2382 826 2427 mirum
838 2381 924 2438 dictu,
937 2379 951 2427 ι
966 2393 1032 2443 pau·

127 2451 240 2502 rioribus
250 2455 400 2508 Othonianis
413 2454 549 2519 quominus
560 2454 587 2499 iu
600 2450 697 2499 vallum
711 2452 926 2517 impinguentur,
938 2451 1032 2499 Italica

127 2522 234 2587 legionis
245 2531 337 2579 virtute
347 2527 460 2575 deterriti
471 2535 542 2572 aunt:
552 2538 582 2571 ea
591 2524 686 2572 strictis
695 2525 873 2589 mucronibus,
880 2524 968 2574 redire
976 2522 1032 2588 pul-

126 2612 168 2645 sos
174 2634 181 2659 ,
197 2612 222 2648 et
233 2615 340 2668 pugnam
352 2612 478 2646 resumere
489 2597 582 2660 coegit.
593 2594 725 2661 Dispositis
732 2597 929 2650 Vitellianarum
945 2600 1028 2663 legio-

126 2684 188 2722 num
203 2676 280 2733 teies,
299 2672 354 2721 sine
371 2668 557 2735 trepidatione:
571 2670 667 2718 etenim
683 2683 828 2736 quanquam
842 2674 928 2725 ricino
945 2673 1051 2727 hoste,

126 2742 397 2826 admotusarmorum
409 2743 494 2792 densis
510 2742 621 2806 arbustis
633 2742 837 2807 prohibebatur:
855 2748 923 2815 apud
943 2745 1027 2796 otte-¹

126 2816 215 2867 asianos
230 2816 315 2882 paridi
328 2818 423 2876 duces,
430 2816 505 2865 miles
516 2815 624 2864 dntibus
636 2814 763 2875 infensus,
781 2819 864 2868 mixta
878 2820 991 2878 vehicula
1002 2825 1027 2863 et

125 2886 195 2951 lixae,
206 2902 232 2942 et
242 2893 377 2958 praeruptis
384 2892 510 2955 utrimque
517 2889 611 2946 lossii,
620 2888 661 2937 via
672 2888 757 2951 quieto
767 2905 866 2955 qnoque
875 2889 967 2955 agmini
977 2902 1023 2933 an·

125 2973 206 3025 gusta.
219 2966 411 3012 Circumstetere
422 2963 495 3012 alii
475 2978 546 3027 argus
554 2977 615 3023 sua,
628 2975 739 3024 querere
749 2961 811 3010 alii:
823 2965 929 3011 incertus
942 2955 1022 3007 undi-

124 3047 174 3096 que
186 3036 297 3093 clamor,
314 3037 514 3118 accurrentium,
530 3032 715 3082 recitantium:
731 3044 764 3081 et
771 3043 800 3081 ιιι
813 3034 901 3096 cuique
917 3027 1021 3080 audacia

125 3106 166 3155 tel
176 3105 320 3165 formido
313 3123 338 3154 ιιι
349 3119 458 3173 primam
469 3118 655 3174 postremamve
667 3120 749 3155 acrem
758 3105 968 3172 prorumpebant
980 3100 1020 3152 vel

124 3176 316 3240 revehebnntur
602 3211 605 3218 ,

70 3261 74 3264 ·
156 3251 236 3298 XLII.
248 3250 378 3299 Attonitas
389 3252 473 3300 subito
487 3261 582 3299 terrore
591 3231 691 3297 mentes
701 3247 793 3300 falsum
803 3217 921 3316 gandium
931 3247 1019 3299 inlan-

123 3334 236 3383 quorem:
231 3322 332 3375 vertit.
346 3325 473 3389 repertis,
485 3324 530 3387 qui
542 3321 700 3370 sdescivisss
714 3324 730 3373 h
742 3324 847 3373 Vitellio
863 3326 1014 3374 exereitumt

119 3394 316 3448 ,emathraba-
328 3393 355 3447 le
366 3405 455 3472 ιιιιιιιι
462 3397 495 3447 ab
505 3396 706 3465 exploratoribus
716 3397 824 3452 Ὺιιοιιιι
833 3396 977 3465 dispersere,
987 3406 1018 3458 aa
