2234 3817
396 144 575 186 suasuris
595 147 662 194 ata.
683 147 735 185 xv.
966 139 1018 205 ²49

109 231 253 301 obsignavit
269 249 275 279 ε
289 243 440 298 promptum
454 231 549 297 vaginis
560 232 712 298 pugionem,
730 229 762 280 de
777 246 828 296 quo
840 231 914 299 rupti
924 236 1015 297 retuli,
1097 293 1100 298 ⁴

109 325 126 359 α
136 320 260 358 vetustate
274 307 395 356 obtusum
408 312 567 372 increpans,
583 307 692 373 asperari
704 321 777 365 saxo,
789 317 815 356 et
829 309 855 356 in
867 324 1016 360 mucronem

108 382 264 431 ardescere»
281 380 363 443 iussit.
373 382 484 443 Eamque
496 396 582 429 curam
594 381 687 428 liberto
702 378 812 429 Milicho
822 379 960 431 mandavit.
974 383 1015 431 Si-

106 455 164 504 mul
179 453 352 502 adfluentibus
364 451 439 500 solito
454 445 601 500 convivium
618 452 730 504 initum:
746 468 877 505 servorum
892 443 1017 503 carissimi

109 525 248 590 libertate,
263 538 289 575 et
302 526 345 574 alii
359 524 466 590 pecuniis
477 524 566 574 donati
579 543 585 573 :
598 536 672 591 atque
685 526 737 592 ipse
749 538 869 588 maestus,
882 539 909 577 et
921 543 1016 592 magne

108 600 270 665 cogitationis
285 595 432 646 manifestus
443 610 512 659 erat,
525 600 642 662 quamvis
653 599 765 647 letitiam
777 601 846 664 vagis
856 600 1015 650 sermonibus

110 673 252 722 simularet.
267 667 400 720 Postrenth
415 671 587 719 rrulneribus
600 671 753 737 ligamenta,
766 673 905 737 quibusque
918 672 1016 721 sistitur

110 746 238 809 sanguinis
245 782 253 812 ‚
261 760 372 811 parare»
384 744 503 793 eumdem
514 741 649 794 Milichum
660 757 764 809 monet;
777 747 828 796 sive
836 761 943 813 gnarum
952 762 1016 794 cou-

109 816 260 883 jurationis,
274 831 300 867 et
312 819 373 867 illuc
385 836 465 884 usque
483 817 579 879 fidum,
593 836 635 869 sen
648 822 777 876 nescium,
788 831 815 869 et
827 833 889 870 tunc
902 817 1016 885 primitus

109 894 215 959 arreptis
230 893 430 959 suspicionibus,
445 906 475 942 ut
485 892 739 958 pleriquetradtdere
753 892 783 941 tle
795 892 1016 956 consequentibus·

107 964 135 1017 N
136 983 177 1014 am
185 982 263 1030 quum
276 982 363 1016 secum
375 967 475 1015 servilis
485 967 584 1015 animus
595 968 698 1032 premia
708 966 818 1032 perfidie
828 965 969 1032 reputavit,
983 966 1017 1014 si·

107 1040 213 1104 mulque
223 1042 347 1089 immensa
360 1040 466 1105 pecunia
477 1050 503 1088 et
513 1039 629 1105 potentia
644 1038 857 1096 obversabantur,
872 1040 946 1087 cessit
959 1037 1015 1104 las,

107 1124 134 1163 et
149 1114 217 1163 salus
232 1116 345 1180 patroni,
363 1126 390 1162 et
405 1124 513 1179 accepta
533 1114 656 1163 libertatis
668 1114 797 1163 memoria.
815 1113 918 1162 Etenim
930 1113 1016 1162 uxoris

108 1201 209 1253 qnoque
217 1188 351 1236 consilium
356 1187 543 1252 adsumpserat,
550 1186 674 1235 muliebre
681 1204 709 1235 ao
716 1181 939 1251 deteriustqttippe
947 1177 1015 1235 ultrd

109 1271 208 1309 metum
218 1261 360 1311 intentabat
370 1297 379 1321 ,
388 1277 403 1309 tt
412 1259 556 1325 multosque
567 1259 694 1309 adstitisse
704 1261 810 1310 libertos
818 1275 847 1307 ac
858 1267 958 1315 servos,
971 1257 1014 1321 qui

110 1328 198 1400 eadem
209 1332 319 1382 viderint
329 1351 335 1382 z
347 1332 411 1382 nibil
419 1330 581 1400 profuturum
590 1333 664 1382 nnius
672 1333 802 1383 silentium
812 1351 818 1381 r
828 1344 854 1382 at
862 1332 961 1399 premia
968 1347 1027 1397 pce.

108 1419 154 1453 nes
163 1423 240 1454 unum
249 1406 318 1464 iore,
332 1408 377 1471 qui
390 1406 486 1458 indicio
494 1406 656 1472 praevenisset
666 1422 692 1455 n.

141 1478 197 1528 LV.
211 1481 300 1545 Igitur,
311 1480 392 1546 ccepti
404 1480 478 1539 luce,
492 1479 612 1528 Milichus
621 1481 649 1526 in
660 1478 748 1527 hortos
760 1475 910 1527 Servilianos
918 1476 1014 1543 pergit,

110 1563 138 1604 et
148 1570 226 1618 quum
235 1553 334 1602 loribus
342 1566 470 1603 arceretur
479 1588 486 1610 ,
496 1568 604 1617 «magna
612 1564 638 1600 et
647 1553 742 1601 atrocia
750 1547 848 1600 adferre
857 1567 872 1600 u
883 1550 1001 1604 dictitent
1011 1585 1018 1610 ‚

108 1620 283 1692 deductusque
295 1627 327 1675 ab
339 1627 487 1692 janitoribus
496 1623 529 1675 ad
537 1626 657 1676 libertum
666 1622 775 1675 Neronis
781 1661 788 1686 ,
799 1623 1017 1691 Epaphroditum,

106 1715 168 1750 mcx
178 1701 211 1748 ab
222 1716 252 1748 eo
262 1697 295 1748 ad
306 1699 452 1757 Neronem,
465 1718 481 1749 s
488 1717 579 1766 urgens
591 1697 747 1766 periculum,
760 1713 849 1765 graves
857 1696 1016 1761 conjuratio*

105 1789 192 1830 nesn,
206 1785 232 1823 et
243 1786 326 1823 cetera
341 1789 396 1839 qnae
410 1773 540 1838 audierat,
553 1773 803 1838 conjectaveratque,
821 1766 906 1820 docet.
922 1765 1014 1820 Telum

107 1863 207 1911 quoque
221 1849 248 1896 in
258 1864 347 1897 necem
355 1850 411 1914 ejus
421 1855 537 1915 paratum
551 1843 678 1907 ostendit,
694 1847 819 1909 accirique
831 1859 901 1893 reum
920 1843 996 1909 jussit
1007 1862 1015 1895 t

109 1916 132 1967 is
141 1931 227 1985 raptus
234 1922 395 1987 permilitet,
410 1934 436 1970 et
449 1921 623 1970 defensionem
635 1913 724 1979 orsus,
737 1919 878 1975 «Ferrum,
890 1918 962 1979 cuius
973 1934 1016 1965 ar·

111 2003 246 2056 gustetur,
257 1995 318 2043 olim
328 1995 450 2061 religione
461 1993 543 2061 patriti
554 1994 669 2050 cultum,
682 2005 708 2043 et
718 1990 872 2045 incubiculo
884 1989 998 2039 habitum
1008 2020 1015 2048 ,

108 2079 140 2111 ac
149 2060 237 2113 fraude
246 2066 333 2115 liberti
342 2070 490 2134 subreptum
502 2068 649 2133 respondit.
658 2064 768 2114 Tabulas
778 2064 920 2110 testamenti
928 2061 1016 2127 sepius

109 2134 178 2200 hae,
194 2138 347 2190 incustoditi
360 2141 458 2191 dierum
474 2142 665 2199 observatione,
677 2138 795 2202 signatas.
811 2134 933 2185 Pecuniae
945 2146 971 2184 ct
984 2129 1019 2183 li·

109 2209 220 2263 bertates
236 2218 315 2265 servis
327 2214 425 2280 stanti
440 2214 507 2266 dono
522 2215 609 2277 datas,
625 2213 670 2266 sed
684 2211 744 2266 ideo
760 2226 822 2262 tunc
836 2209 944 2277 largitis,
957 2209 1016 2275 quia

112 2286 184 2333 tenui
195 2288 244 2351 jam
253 2307 280 2339 re
287 2288 416 2351 liminari,
423 2302 449 2340 et
458 2291 610 2340 instantibus
620 2279 796 2345 creditoribtis,
806 2296 957 2335 testamento
965 2278 1017 2333 dif-

108 2357 1018 2432 fideret.Enimverolibersletsempcrepulasstruxisse,etvitamamce·
1081 2390 1086 2396 -

108 2447 168 2480 nam
177 2467 185 2493 ,
201 2444 227 2482 et
240 2433 310 2484 duris
326 2434 450 2497 judicibus
464 2452 554 2503 parum
571 2437 713 2503 probatam.
729 2434 853 2483 Fomenta
868 2431 1017 2480 vulneribus

108 2506 178 2554 nulla
188 2504 257 2568 iussu
266 2525 326 2571 suo,
337 2508 383 2557 sed
395 2509 453 2573 quia
463 2523 546 2559 cetera
555 2507 640 2576 palim
650 2524 714 2557 vana
724 2507 870 2572 objecisset,
882 2502 1016 2568 adjungere

108 2579 223 2636 crimen,
236 2591 266 2629 ut
274 2597 327 2630 sese
337 2584 432 2647 pariter
439 2580 550 2632 indicem
558 2597 585 2631 et
594 2594 686 2632 testem
699 2578 793 2629 iaceret
801 2595 826 2626 n.
836 2570 932 2638 Adjicit
942 2568 1018 2623 dictis

107 2652 279 2700 constantiam
293 2670 299 2700 t
314 2655 413 2704 incusat
424 2658 492 2705 ultro
510 2655 722 2709 rintestabilem,
739 2664 764 2700 et
778 2647 1016 2704 consceleratum,

111 2721 184 2770 tanti
192 2724 262 2773 vocis
270 2741 298 2774 ac
305 2727 391 2778 rulttis
397 2730 541 2785 securitate,
549 2723 820 2779 utlubaretindiciunr,
830 2722 878 2769 nisi
883 2719 1017 2768 Milichum

92 2807 94 2810 '
111 2812 177 2846 ntor
188 2797 373 2862 admonuisset,
386 2804 550 2854 «Antonium
561 2803 677 2850 Natalem
688 2800 767 2849 multa
780 2813 838 2848 cnm
853 2797 973 2858 Sceviuo,
989 2811 1018 2844 ac

112 2870 211 2920 secretd
222 2874 377 2926 collocutum
387 2909 398 2939 ,
409 2890 436 2926 et
447 2893 501 2925 esse
513 2869 633 2939 utrosque
643 2875 674 2923 C.
685 2873 784 2923 Pisonis
799 2871 935 2919 intimos».

142 2941 212 2994 LVI·
222 2947 291 3013 Ergo
301 2949 397 2999 acdtnr
406 2951 501 2999 Natalis
515 2969 520 2997 :
533 2960 558 2998 et
568 2945 662 2997 diserti
672 2949 870 3010 interrogantur,
880 2944 1018 3008 «quisnam

105 3015 133 3066 is
145 3033 230 3067 sermo
242 3038 248 3068 ε
259 3021 309 3085 qni
323 3023 356 3071 de
368 3025 400 3072 re
415 3024 505 3098 fuisset
513 3020 551 3071 n?
566 3037 645 3087 quum
659 3033 746 3070 exorta
758 3018 880 3086 suspicio,
895 3020 952 3082 quia
964 3031 1018 3070 non

110 3096 278 3156 congruentia
286 3096 469 3165 responderant
477 3117 483 3147 t
491 3096 760 3163 inditaquevincls.Et
768 3106 950 3146 tormentorum
958 3091 1019 3141 ads-

112 3178 216 3230 pectum
227 3185 256 3217 ac
264 3173 408 3221 minasnon
417 3172 506 3222 tulere.
515 3169 589 3236 Prior
598 3183 681 3220 tamen
692 3169 802 3231 Natalis,
813 3165 891 3217 totius
900 3166 1019 3229 conjura-

109 3235 191 3283 tionis
204 3241 283 3304 magls
293 3260 400 3308 gnarus,
411 3244 485 3293 simul
498 3240 618 3309 arguendi
630 3243 743 3307 peritior,
756 3241 787 3293 de
796 3234 897 3293 Pisone
908 3236 1020 3304 primitur

63 3335 66 3338 κ
81 3337 85 3348 1
111 3301 208 3360 fatetur
219 3330 225 3360 :
237 3308 331 3378 deinde
346 3314 435 3381 adjicit
448 3335 471 3378 a
481 3315 751 3368 Asnaum-Senectuti>
761 3351 767 3373 ,
777 3315 832 3362 sire
847 3312 1022 3362 internuntius

107 3381 176 3435 inter
186 3399 247 3435 eum
257 3385 429 3457 Phonemque
439 3387 488 3441 luit
494 3425 505 3455 ,
513 3392 566 3445 tire
575 3400 607 3441 ut
614 3386 723 3441 Neronis
734 3388 839 3509 asstitit:
851 3393 961 3505 gereret>
974 3383 1021 3449 qut
