2234 3817
392 129 570 172 turturum
593 138 661 173 cra.
684 143 727 178 rr.
965 148 1014 203 ¹²7
1041 170 1044 175 «

100 212 189 263 verbis
193 249 203 274 ,
211 206 404 261 adseveratione
414 215 495 265 multa
508 218 644 268 censebant
655 238 660 267 :
673 238 753 286 quum
767 226 872 290 repentb
882 227 1014 293 Togonius

52 286 55 293 '
101 288 207 344 Gallus,
220 287 282 334 dum
297 285 487 348 ignobilitatem
499 307 570 343 suam
582 296 679 358 magnis
690 298 837 347 nominibus
849 302 954 359 inserit,
965 320 1011 367 per

101 360 274 411 deridiculum
285 356 399 408 auditur.
409 360 476 429 Nam
484 365 626 430 principem
636 370 724 419 orabat
734 371 867 436 «deligere
876 389 1014 436 senatores,

102 451 135 483 ex
143 432 201 498 quis
209 433 301 497 viginti
308 443 378 481 sorte
388 432 473 494 ducti,
483 447 508 483 et
516 434 584 486 ferro
592 441 714 498 accincti,
725 445 844 505 qrrotiena
853 450 947 496 curiam
957 452 1016 499 inis·

44 492 48 498 ¹
102 521 161 569 tet,
179 508 288 555 salntem
307 504 361 569 ejus
367 505 578 559 defenderetur:
595 512 739 563 crediderat
749 518 869 566 nimirum
883 523 998 585 epistole
1006 560 1015 588 ,

105 579 229 634 subsidio
238 579 293 629 sibi
305 579 424 631 alterum
435 601 467 633 ex
480 585 638 638 consulibus
650 591 792 653 poscentis,
804 602 835 641 ut
848 602 921 644 tutus
934 598 951 644 α’
962 600 1016 648 Ca·

108 657 183 720 prsis
192 653 286 704 urbem
296 662 415 723 peteret.x
427 654 545 705 Tiberius
557 669 643 710 tamen
653 663 764 711 ludibria
779 666 850 712 seriis
863 668 1014 730 permiscere

80 730 86 734 '
106 727 210 784 solitus,
218 728 270 791 egit
276 729 352 792 gratis
361 730 649 801 benevolentirepatrum
660 756 666 786 :
681 737 745 786 used
754 756 817 805 quot
827 738 911 789 omitti
920 741 1013 807 posse?

105 818 172 865 quos
184 800 280 866 deligi?
292 819 423 864 semperne
433 806 559 857 eosdem?
575 828 607 858 an
619 813 726 869 subinde
738 814 819 863 alios?
832 829 857 863 et
869 815 1011 873 bonoribus

79 861 90 873 ⁸
102 877 266 945 perfunctos,
284 897 315 927 an
331 879 455 942 juvenes?
474 885 604 948 privator,
622 906 654 938 au
673 889 687 938 ὲ
704 890 916 954 magistratibus?
936 908 1012 955 quam
1042 902 1047 907 '

102 949 318 1016 deinde‘speciem
329 950 387 1002 lore
395 990 402 1010 ,
411 958 568 1005 sumentium
579 957 605 1008 in
616 960 706 1010 limine
717 964 792 1011 curite
804 962 921 1029 gladius?
933 980 1014 1027 neque

103 1025 153 1077 tibi
163 1027 244 1072 vitam
253 1025 327 1083 tanti,
338 1026 442 1076 siarmis
449 1030 661 1092 tegendaloretr.
670 1036 728 1085 Haee
735 1035 1015 1101 adverebsTogonium,

102 1098 188 1148 verbis
200 1095 337 1145 moderans
348 1117 354 1145 ε
365 1114 447 1163 neque
458 1102 525 1149 ultra
537 1104 704 1155 abolitionem
719 1109 849 1156 sententia
857 1110 971 1161 suadere.
1015 1155 1023 1169 ,

130 1170 178 1220 lll.
192 1171 228 1220 At
240 1172 345 1221 lunium
357 1175 518 1232 Gallionem,
533 1179 576 1240 qui
585 1195 731 1237 censuerat,
745 1194 794 1230 (tut
803 1186 962 1248 praetoriani,
975 1202 1014 1235 ac·

103 1238 1013 1318 tisstipendiis.'rusapiscerenturinquatuordecimordinibutsedeudin,

105 1316 232 1365 violenter
242 1317 382 1386 increpuit3
399 1324 469 1370 velut
481 1325 567 1373 coram
578 1330 703 1392 rogitans,
719 1329 800 1393 aquid
811 1330 847 1376 illi
858 1331 1015 1397 cummiliti-

81 1413 87 1417 ·
105 1387 155 1437 bus
166 1389 252 1454 iquos
266 1408 346 1456 neque
355 1392 423 1442 dicta
436 1397 611 1462 imperatoris,
624 1403 819 1468 nequeptaemia
829 1405 877 1450 uisi
890 1405 921 1452 ab
932 1406 1014 1470 impe-

105 1475 191 1512 ratore
200 1466 310 1528 accipere
321 1481 365 1530 par
372 1480 438 1514 esset
448 1485 453 1514 :
463 1473 587 1534 reperisse
595 1473 714 1536 prorsus,
725 1475 792 1539 quud
803 1475 875 1524 dirus
884 1478 1013 1542 Augustus

102 1552 158 1585 nort
180 1537 335 1601 providerit:
354 1558 385 1587 an
403 1541 490 1606 potiris
504 1544 657 1595 discordiam
673 1562 699 1598 et
712 1548 864 1600 seditionem
877 1552 891 1600 i
904 1554 1013 1603 satellite

97 1602 187 1674 Seiam
203 1610 354 1675 quaesitam?
370 1614 418 1677 qui
433 1615 509 1665 rudes
521 1621 635 1682 animos,
646 1623 752 1671 nomine
768 1625 891 1687 bonoria,
912 1626 942 1673 ad
955 1643 1014 1673 eor-

96 1684 276 1748 rumpendum
292 1686 387 1733 militiae
399 1703 503 1738 morem
520 1695 706 1759 propelleret».
723 1697 780 1745 Hoc
791 1700 908 1762 ,pretium
925 1700 1013 1747 Gallio

97 1759 227 1807 meditata
241 1757 395 1810 adulationis
406 1764 479 1821 tulit,
492 1774 577 1816 strum
586 1769 679 1832 muria,
695 1771 787 1819 deinde
801 1763 991 1827 [latitamus
1004 1790 1011 1823 t

104 1844 131 1878 et
136 1834 195 1894 quia
205 1834 371 1883 incusabatur
378 1835 450 1885 iacil'e
458 1841 613 1890 toleraturus
622 1844 740 1892 exsilium
750 1845 862 1903 ,delecti
869 1848 961 1906 Lesbo,
971 1850 1013 1897 iu·
1060 1894 1065 1903 s

105 1903 160 1949 sula
171 1906 253 1952 nobili
263 1919 289 1954 et
298 1907 409 1967 amoeni,
420 1911 558 1962 retrahitur
571 1918 597 1964 in
610 1918 711 1975 urbem,
722 1918 914 1982 custoditurque
925 1921 1013 1968 domi·

101 1973 153 2022 bus
168 1979 367 2040 magistratuum.
386 1972 481 2033 Iisdem
497 1987 592 2036 litteris
612 1992 695 2037 Carae
708 1991 823 2037 Sextium
841 1990 1011 2063 Pac9nianum

97 2044 252 2113 praetorium
262 2055 384 2117 perculit,
392 2075 485 2125 magno
491 2068 593 2127 patrum
599 2062 707 2125 gaudio,
717 2062 838 2111 audacem
844 2066 1011 2128 ,maleficum,

101 2125 229 2173 omnium
235 2142 331 2177 recreta
341 2132 489 2197 fimaturam,
501 2136 679 2202 delectumque
690 2137 813 2201 bSejano,
823 2138 894 2203 cnjus
903 2156 951 2205 ope
962 2140 1011 2188 do·

99 2198 143 2246 lus
153 2199 187 2250 C.
199 2200 290 2251 Caesari
305 2220 449 2270 pararetur:
460 2210 529 2275 quod
543 2224 678 2278 postquam
690 2212 857 2278 patefactum,
869 2216 1010 2281 prorupere

101 2284 225 2338 concepta
233 2275 333 2341 pridem
342 2279 401 2328 odia
410 2317 417 2341 ‚
430 2293 457 2329 ct
466 2301 595 2334 summum
604 2287 757 2353 supplicium
769 2287 955 2339 decernebatur
964 2327 972 2352 ,
981 2290 1009 2340 ni

82 2361 87 2365 ⁴
100 2344 230 2409 professus
244 2349 368 2401 indicium
379 2354 459 2406 soret:
524 2394 527 2398 μ

130 2417 178 2472 tv.
196 2422 231 2469 Ut
252 2425 314 2495 reeb
330 2428 461 2478 Latinium
480 2429 609 2483 Latiarem
622 2435 745 2500 ingressus
763 2446 813 2491 est,
833 2451 1009 2487 accusatores

97 2508 155 2542 teus
162 2495 236 2558 juxta
243 2499 335 2556 invisi,
346 2505 517 2566 gratissimum
529 2511 702 2574 spectaculum
710 2510 877 2573 prebebatur.
886 2512 1010 2574 Latiaris3

85 2579 130 2615 ,ut
145 2572 240 2632 retuli,
258 2578 399 2642 praecipuus
411 2580 474 2630 olim
493 2583 710 2631 circumveniendi
720 2584 782 2629 Titii
794 2583 894 2642 Sabini,
906 2594 931 2630 et
948 2595 1009 2632 tunc

98 2637 201 2686 luenda
213 2657 292 2705 poenae
302 2649 400 2712 primus
414 2653 472 2707 suit.
489 2653 558 2702 luter
571 2671 625 2717 quae
635 2655 754 2700 Haterius
765 2653 876 2719 Agrippa
893 2657 1009 2706 consules

98 2711 160 2758 euni
170 2711 265 2774 prioris
276 2718 379 2781 invasit,
393 2742 408 2772 «
416 2742 463 2775 cur
474 2726 564 2774 mutua
574 2727 734 2774 accusatione
747 2725 859 2784 intenti,
871 2746 939 2777 utine
949 2730 1010 2779 sile-

98 2781 179 2833 rent?
190 2799 288 2837 metum
300 2797 436 2857 praesuret
448 2800 551 2849 noxiam
564 2800 723 2848 conscientiae
735 2816 783 2865 pro
796 2797 889 2849 loedere
902 2803 1006 2854 haberi:

98 2869 126 2907 et
140 2875 193 2907 nou
207 2864 322 2926 patribus
339 2873 467 2922 reticenda
483 2892 537 2940 quae
555 2874 741 2924 audivissent».
759 2873 869 2938 Regulus
886 2893 1009 2929 emanere

96 2943 199 3000 tempus
207 2937 321 3002 ultionis,
329 2961 405 3012 seque
412 2963 498 2997 coram
504 2951 616 3017 principe
627 2950 904 3025 exsecuturumutff'rio
913 2971 1009 3002 ‹tauru-

97 3005 218 3058 latiotrem
227 3013 294 3062 inter
302 3020 423 3084 collegas,
432 3024 482 3071 etsi
492 3040 541 3087 qua
551 3024 681 3074 discordes
690 3024 821 3089 jecissent,
831 3025 921 3076 melius
931 3028 1009 3077 oblit-

95 3085 206 3146 terarir,
222 3092 366 3154 respoudit.
387 3096 497 3163 Urgeute
515 3096 644 3165 Agrippi,
662 3100 815 3164 Sanquinius
834 3100 973 3157 Maximus,
993 3100 1016 3151 bt

14 3177 20 3186 -
93 3156 270 3208 consularibus
279 3197 286 3224 ‚
296 3170 382 3215 oravit
394 3182 525 3232 senatum,
538 3189 590 3220 tene
603 3187 675 3220 curas
686 3173 858 3237 imperatoris,
875 3175 1008 3236 conquisi-

93 3227 125 3281 tis
134 3228 239 3294 insuper
253 3239 440 3289 acerbitatibus
448 3255 569 3307 augerent
579 3262 586 3293 :
599 3244 711 3292 sufficere
722 3246 804 3309 ipsum
814 3245 953 3292 statuendis
962 3254 1006 3292 re*-

92 3300 206 3351 mediis»
216 3323 222 3350 ι
232 3308 377 3376 eicRegulo
384 3312 494 3371 salua,et
500 3315 591 3364 Trioni
599 3315 688 3364 dilatio
695 3317 882 3380 exitiiquaesita.
890 3317 1009 3364 Haterius

94 3371 199 3429 invitior
207 3377 260 3430 luit
267 3420 278 3446 ,
290 3386 351 3451 quia
361 3402 466 3451 tumne,
477 3402 521 3440 aut
528 3389 673 3449 libidinosis
681 3391 775 3458 vigitiis
785 3389 911 3436 marcidus
920 3421 927 3448 ,
937 3399 963 3434 et
973 3389 1007 3435 ob

240 3482 247 3495 .
810 3461 830 3506 F
847 3463 864 3507 4
