2234 3817
330 208 567 249 ursnonrtanss
590 213 658 249 trs.
683 213 725 252 tr.
757 211 760 214 ·
909 203 983 257 α455

59 281 258 362 matrimisque,
269 292 335 359 equi
345 295 409 344 viris
419 293 435 343 ὲ
448 295 560 346 fontibus
570 296 736 362 amnibusque
747 294 848 355 hausti,
858 299 985 366 perluere,

73 374 143 445 gum
155 371 290 420 Helvidius
302 369 401 417 Priscus
409 381 515 436 pretor,
526 383 654 436 praeeunte
667 372 768 421 Plautio
780 372 885 422 AEliano
895 379 986 439 ponti-

77 447 137 503 fice,
152 447 257 494 lustrati
271 443 482 499 suovetaurilibus
493 443 564 502 ared,
574 455 601 493 et
611 461 686 511 super
695 447 815 511 cespitem
824 445 929 496 redditis
940 463 990 497 ex«

77 520 128 585 tis,
144 519 273 577 olorem,
287 516 430 577 lunonem,
445 516 600 578 Minervam,
613 517 781 582 praesidesque
793 520 892 586 imperii
901 520 988 572 deos»

80 600 218 660 precatus,
232 607 249 639 s
257 590 296 639 uti
309 599 390 654 coepta
402 601 594 655 prosperarent,
610 590 731 656 sedesque
742 608 819 650 suas,
833 594 926 659 pietate
937 594 989 644 ho-

79 666 177 714 minum
196 663 339 720 inchoatas,
352 661 437 710 divina
452 678 500 729 ope
514 664 700 728 attollerent»,
721 663 811 723 vittas,
824 665 881 729 quis
894 666 986 731 ligatus

79 736 145 803 lepis
156 771 164 793 ,
181 737 317 799 innexique
328 732 401 783 funes
412 745 500 793 mant,
508 737 624 801 contigit,
635 735 717 785 Simul
723 738 990 802 ceteri-magistratus,

77 820 103 863 et
116 809 276 864 sacerdotes,
287 820 314 857 et
323 818 425 858 senatus
436 818 478 865 ,et
486 822 578 873 eques,
591 822 617 858 et
628 824 781 875 magnopere
792 812 891 876 populi,
902 811 988 861 studio

76 883 212 946 letitilque
222 883 323 931 connixi
332 883 535 946 ,assumingens
544 882 660 950 traxere:
673 885 816 949 passimque
825 885 989 948 injectaefun.

81 954 207 1004 damantis
219 956 316 1020 argenti
330 955 433 1021 eurique
447 954 539 1021 stipes,
552 968 578 1005 ct
587 956 748 1005 metallorum
763 958 894 1023 primitiae,
910 960 989 1010 nullis

77 1026 222 1078 fornacibus
233 1031 304 1077 ricta
314 1065 322 1087 ‚
333 1027 377 1077 sed
389 1027 569 1094 utgiguuntur.
579 1028 721 1078 Predixere
735 1028 892 1097 haruspices,
904 1047 937 1080 ne
949 1043 989 1081 te·

77 1113 217 1151 metaretur
228 1117 291 1167 opus
304 1117 362 1150 seso
372 1116 466 1151 surore
476 1135 484 1161 ,
496 1101 523 1150 in
533 1100 605 1150 aliud
618 1100 753 1151 destinato.
765 1101 881 1152 Altitudo
893 1102 990 1155 sedibus

82 1174 188 1239 adiecta.
203 1174 235 1223 ld
247 1176 331 1235 solum
342 1174 429 1239 religio
438 1174 549 1224 adnuere
563 1191 569 1224 ε
581 1186 607 1223 et
619 1176 712 1241 prioris
723 1175 814 1242 templi
825 1177 992 1242 magnificen-

83 1249 123 1300 tie
132 1247 240 1298 defuisse
252 1248 394 1305 creditum,
410 1263 460 1311 qno
471 1258 539 1297 tants
551 1249 590 1298 ris
602 1248 734 1297 hominum
745 1247 875 1298 retinenda
885 1262 947 1298 erat.

115 1319 181 1373 tw.
191 1319 286 1370 Audita
304 1321 406 1370 iuterim
420 1336 466 1386 per
479 1321 576 1374 Gallias
588 1321 787 1384 Germaniasque
805 1336 873 1369 mors
890 1318 993 1371 Vitellii

84 1392 259 1460 'duplicaverat
270 1396 378 1444 bellum.
388 1395 454 1444 Num
463 1395 563 1458 Civilis,
577 1397 669 1445 omissi
678 1395 894 1456 dissimulatione,
904 1397 930 1443 in
939 1412 992 1461 po·

83 1469 170 1534 pulum
182 1466 333 1516 Romanum
346 1484 429 1517 ruere.
441 1469 583 1519 Vitellians
593 1470 705 1534 legiones
713 1468 754 1517 rel
766 1479 901 1517 externum
911 1469 992 1516 serri-

80 1541 145 1595 tium
152 1540 245 1606 ‚qn'am
258 1543 437 1605 imperatorem
445 1540 632 1609 Vespasianum
644 1543 729 1591 malle.
739 1541 808 1589 Galli
819 1540 990 1599 sustulerant,

18 1606 19 1613 ἵ
78 1615 189 1678 animos,
205 1614 429 1679 eantdem‘ubiqtte
445 1610 603 1664 exercituum
619 1627 765 1663 nostrorum
782 1615 909 1664 somonam
922 1613 987 1662 rati:

79 1689 184 1754 vulgato
196 1703 301 1755 rqrnore
312 1722 318 1741 ‚
331 1686 364 1736 trit
374 1687 492 1755 Sarmatis
502 1683 627 1750 Dacisque
638 1686 741 1736 Moesica
752 1704 781 1737 ac
791 1687 935 1737 Pannonica
947 1685 993 1738 tri-f

18 1762 19 1766 ’
80 1760 161 1811 berna
177 1759 373 1813 circumsideri»)
385 1776 392 1807 τ
405 1760 473 1825 paris
490 1756 521 1806 de
533 1759 662 1807 Britannis
679 1760 845 1823 fingebantur.
863 1759 911 1806 Sed
926 1759 992 1808 nibil

18 1836 24 1863 ³
79 1833 165 1898 arque,
178 1833 252 1897 quim
263 1830 409 1880 incendium
420 1830 552 1895 Capitolii,
564 1838 593 1875 ut
604 1827 680 1875 finem
689 1831 795 1893 imperio
804 1829 890 1878 adesse
900 1828 992 1880 crede·

18 1926 20 1935 ,
80 1915 144 1955 rent
155 1939 162 1964 ,
175 1905 316 1968 impulerat.
331 1921 345 1952 tr
357 1905 464 1968 Captum
476 1901 538 1950 olim
552 1899 657 1948 &Gallis
669 1900 774 1966 urbem,
787 1901 831 1949 sed
843 1902 938 1967 integri
947 1904 994 1952 Jo-

82 1976 124 2027 vis
142 1973 217 2033 sede,
230 1980 347 2028 mansisse
363 1976 507 2044 imperium.
520 1974 601 2023 Fatali
614 1989 682 2021 nunc
699 1974 757 2038 igne
770 1975 869 2038 signum
882 1977 992 2026 coelestis
1025 1974 1028 1977 ’

81 2052 125 2103 ira
144 2047 250 2108 datum,
271 2061 297 2101 et
317 2050 501 2118 possessionem
518 2063 605 2097 rerum
628 2045 795 2094 humanorum
816 2046 993 2114 Transalpinis

81 2122 200 2190 gentibus
213 2124 329 2188 portendi
340 2119 370 2185 u,
383 2123 559 2190 superstitione
574 2119 637 2169 rausi
647 2119 745 2172 Druidae
755 2120 890 2169 canebant.
903 2120 991 2171 Inces-

84 2208 200 2260 seratque
217 2195 299 2255 larua,
313 2199 439 2263 primores
454 2193 607 2253 Galliarum,
622 2193 653 2241 ab
665 2192 766 2242 Othone
774 2192 896 2242 adversus
906 2194 994 2244 Vitel-

80 2269 146 2318 lium
157 2271 260 2330 missos,
275 2283 409 2336 antequam
429 2267 637 2335 digrederentur,
651 2268 790 2334 pepigisse,
802 2278 864 2316 'nne
877 2266 994 2319 deessent

79 2342 204 2407 libertati,
216 2344 237 2395 si
248 2345 372 2410 populum
382 2347 525 2394 Romanum
532 2343 653 2392 continua
661 2342 787 2390 beliorum
796 2340 908 2393 civilium
915 2343 993 2394 series

82 2428 109 2467 et
119 2418 218 2468 iuterna
233 2420 299 2467 rnrle
310 2418 445 2482 fregissent
454 2433 480 2466 u.
519 2476 523 2484 1

112 2479 169 2541 LV.
179 2496 248 2541 Ante
258 2490 344 2539 Flacci
355 2487 497 2538 Hordeonii
507 2489 601 2540 caedem
609 2527 618 2553 ,
626 2489 691 2539 nihil
698 2491 834 2557 (prorupit,
844 2507 894 2556 quo
906 2492 994 2556 eoniu-

78 2564 147 2614 ratio
161 2563 352 2630 intelligeretur.
371 2563 508 2613 Interfecto
528 2565 696 2625 Hordeonio,
713 2563 888 2613 commeavere
908 2563 991 2613 nuntii
1014 2624 1018 2627 ,

80 2639 149 2687 inter
161 2639 268 2689 Civilem
280 2638 485 2702 Classicumque,
500 2637 647 2704 prefectum
661 2638 705 2684 ale
721 2639 900 2686 Treverorum.
914 2637 989 2685 Clas-

79 2712 150 2761 sicus
162 2712 294 2771 nobilitate
303 2708 443 2778 opibusque
454 2721 512 2758 aute
527 2710 592 2757 alios
606 2726 612 2755 r
625 2708 723 2772 regium
734 2709 773 2756 illi
789 2724 879 2771 genus,
895 2720 921 2758 et
931 2724 993 2775 pace

80 2785 203 2849 belloque
213 2788 280 2837 clara
288 2782 370 2853 origo,
380 2785 439 2853 lpse
447 2783 460 2833 i:
469 2783 605 2849 maioribus
615 2784 667 2831 suis
675 2780 754 2832 hostis
769 2785 858 2849 populi
867 2785 993 2843 Romani,

80 2857 161 2926 quim
174 2862 271 2921 socius,
281 2860 396 2925 iactabat.
407 2857 531 2911 Miscufre
540 2872 594 2907 sese
604 2856 617 2905 J
619 2856 684 2904 ulius
691 2855 787 2916 Tutor,
798 2868 823 2906 et
833 2856 914 2906 lulius
924 2858 996 2908 Sabi·

80 2929 993 3000 nusqbie'l'rerir,hchingon.TutnrripaeRbenils'Vitelliopraefectus:
1021 2996 1023 3000 ὗ

78 3005 283 3075 Sabinus‚tuper
290 3007 392 3059 insitam
399 3008 546 3067 vanitatem,
554 3003 620 3060 falsa
628 3003 713 3069 stirpis
719 3002 995 3072 gloriiinceudebatuq

82 3081 239 3144 «proaviam
252 3095 325 3130 suam
337 3081 397 3130 divo
408 3082 488 3143 lulio,
503 3096 548 3149 per
565 3077 662 3128 Gallias
672 3077 792 3137 bellanti,
803 3094 908 3144 corpore
919 3091 995 3146 atque

80 3154 212 3204 adulterio
228 3156 353 3220 placuisse
362 3175 388 3208 u.
406 3156 442 3206 Hi
452 3158 555 3207 secretis
571 3151 727 3203 sermonibus
741 3154 840 3204 animos
853 3164 995 3203 ceterorum
1069 3173 1072 3177 ·

74 3229 195 3285 ¹sortituri
206 3246 212 3276 t
223 3229 281 3287 ubi,
294 3247 358 3295 quos
367 3231 471 3281 idoneos
481 3231 613 3288 rebantur,
625 3226 778 3277 conscientia
787 3228 959 3287 obstrinxdre,
970 3229 997 3278 in

81 3301 188 3350 notauit
199 3301 393 3370 Agrippinensi,
402 3305 430 3353 in
441 3294 548 3356 denium
560 3302 686 3368 privatam
696 3301 852 3352 conveniunt
863 3317 868 3346 :
882 3314 941 3348 narn
951 3317 998 3366 pu·

82 3371 151 3422 bliee
164 3373 253 3424 civitas
263 3378 356 3427 talibus
368 3378 473 3445 inceptis
486 3376 646 3427 abhorrebat.
658 3361 780 3422 Kttsmen
789 3367 926 3423 interfuere
940 3374 998 3437 qui-

81 3442 145 3499 dm
154 3445 301 3513 Ubiorum,
312 3449 534 3520 Tungrorumque,
545 3448 594 3500 Sed
603 3440 713 3516 plurime
724 3448 763 3501 ris
771 3459 849 3513 penes
856 3443 997 3512 Treveros,
1013 3446 1017 3451 '

734 3540 738 3547 “
787 3523 843 3578 Ta
959 3525 963 3530 ’
