<?xml version="1.0" encoding="UTF-8"?>
<!DOCTYPE html PUBLIC "-//W3C//DTD XHTML 1.0 Transitional//EN"
    "http://www.w3.org/TR/xhtml1/DTD/xhtml1-transitional.dtd">
<html xmlns="http://www.w3.org/1999/xhtml" xml:lang="en" lang="en">
 <head>
  <title>
</title>
<meta http-equiv="Content-Type" content="text/html;charset=utf-8" />
  <meta name='ocr-system' content='tesseract 3.04.00' />
  <meta name='ocr-capabilities' content='ocr_page ocr_carea ocr_par ocr_line ocrx_word'/>
</head>
<body>
  <div class='ocr_page' id='page_1' title='image "./ccorntacitioper01brotgoog_0281.png"; bbox 0 0 2234 3817; ppageno 0'>
   <div class='ocr_carea' id='block_1_1' title="bbox 15 21 89 68">
    <p class='ocr_par' dir='ltr' id='par_1_1' title="bbox 15 0 89 76">
     <span class='ocr_line' id='line_1_1' title="bbox 15 21 89 68; baseline 0 -32"><span class='ocrx_word' id='word_1_1' title='bbox 15 21 23 36; x_wconf 79' lang='lat' dir='ltr'>r</span> <span class='ocrx_word' id='word_1_2' title='bbox 43 37 89 68; x_wconf 59' lang='lat' dir='ltr'>(s</span> 
     </span>
    </p>
   </div>
   <div class='ocr_carea' id='block_1_2' title="bbox 453 124 999 203">
    <p class='ocr_par' dir='ltr' id='par_1_2' title="bbox 453 124 999 203">
     <span class='ocr_line' id='line_1_2' title="bbox 453 124 999 203; baseline 0 -28"><span class='ocrx_word' id='word_1_3' title='bbox 453 134 643 177; x_wconf 57' lang='lat' dir='ltr'>diductus.</span> <span class='ocrx_word' id='word_1_4' title='bbox 950 124 999 203; x_wconf 79' lang='lat'>277¹</span> 
     </span>
    </p>
   </div>
   <div class='ocr_carea' id='block_1_3' title="bbox 24 221 1076 3368">
    <p class='ocr_par' dir='ltr' id='par_1_3' title="bbox 85 221 1000 654">
     <span class='ocr_line' id='line_1_3' title="bbox 89 221 1000 294; baseline 0.002 -19"><span class='ocrx_word' id='word_1_5' title='bbox 89 235 171 294; x_wconf 71' lang='lat' dir='ltr'>qnam</span> <span class='ocrx_word' id='word_1_6' title='bbox 184 224 255 284; x_wconf 75' lang='lat' dir='ltr'>nnuc</span> <span class='ocrx_word' id='word_1_7' title='bbox 267 221 350 286; x_wconf 76' lang='lat' dir='ltr'>magis</span> <span class='ocrx_word' id='word_1_8' title='bbox 368 231 483 287; x_wconf 84' lang='lat' dir='ltr'>tempore</span> <span class='ocrx_word' id='word_1_9' title='bbox 493 232 537 270; x_wconf 82' lang='lat' dir='ltr'>aut</span> <span class='ocrx_word' id='word_1_10' title='bbox 547 222 579 271; x_wconf 83' lang='lat' dir='ltr'>ad</span> <span class='ocrx_word' id='word_1_11' title='bbox 596 221 724 286; x_wconf 79' lang='lat' dir='ltr'>simplices</span> <span class='ocrx_word' id='word_1_12' title='bbox 740 225 905 289; x_wconf 81' lang='lat' dir='ltr'>cogitationes</span> <span class='ocrx_word' id='word_1_13' title='bbox 915 240 1000 292; x_wconf 74' lang='lat' dir='ltr'>parent</span> 
     </span>
     <span class='ocr_line' id='line_1_4' title="bbox 89 297 1000 363; baseline -0.002 -11"><span class='ocrx_word' id='word_1_14' title='bbox 89 306 204 360; x_wconf 77' lang='lat' dir='ltr'>animus,</span> <span class='ocrx_word' id='word_1_15' title='bbox 218 310 264 347; x_wconf 81' lang='lat' dir='ltr'>sut</span> <span class='ocrx_word' id='word_1_16' title='bbox 280 297 312 345; x_wconf 90' lang='lat' dir='ltr'>ad</span> <span class='ocrx_word' id='word_1_17' title='bbox 323 311 426 359; x_wconf 82' lang='lat' dir='ltr'>magnas</span> <span class='ocrx_word' id='word_1_18' title='bbox 440 297 584 344; x_wconf 69' lang='lat' dir='ltr'>incalescat.</span> <span class='ocrx_word' id='word_1_19' title='bbox 601 297 671 344; x_wconf 85' lang='lat' dir='ltr'>Gens</span> <span class='ocrx_word' id='word_1_20' title='bbox 683 314 735 344; x_wconf 90' lang='lat' dir='ltr'>non</span> <span class='ocrx_word' id='word_1_21' title='bbox 746 311 828 348; x_wconf 85' lang='lat' dir='ltr'>astuta</span> <span class='ocrx_word' id='word_1_22' title='bbox 838 318 886 350; x_wconf 88' lang='lat' dir='ltr'>nec</span> <span class='ocrx_word' id='word_1_23' title='bbox 896 301 1000 363; x_wconf 86' lang='lat' dir='ltr'>callida,</span> 
     </span>
     <span class='ocr_line' id='line_1_5' title="bbox 89 367 1000 442; baseline 0.002 -19"><span class='ocrx_word' id='word_1_24' title='bbox 89 376 174 442; x_wconf 79' lang='lat' dir='ltr'>aperit</span> <span class='ocrx_word' id='word_1_25' title='bbox 187 373 271 422; x_wconf 83' lang='lat' dir='ltr'>adhuc</span> <span class='ocrx_word' id='word_1_26' title='bbox 283 380 379 418; x_wconf 85' lang='lat' dir='ltr'>secreta</span> <span class='ocrx_word' id='word_1_27' title='bbox 391 370 499 433; x_wconf 79' lang='lat' dir='ltr'><strong>pectoris</strong></span> <span class='ocrx_word' id='word_1_28' title='bbox 513 367 614 418; x_wconf 54' lang='lat' dir='ltr'>licenti&amp;</span> <span class='ocrx_word' id='word_1_29' title='bbox 625 371 683 431; x_wconf 74' lang='lat' dir='ltr'>joci.</span> <span class='ocrx_word' id='word_1_30' title='bbox 697 367 763 435; x_wconf 83' lang='lat' dir='ltr'>Ergo</span> <span class='ocrx_word' id='word_1_31' title='bbox 773 370 872 421; x_wconf 73' lang='lat' dir='ltr'>detecta</span> <span class='ocrx_word' id='word_1_32' title='bbox 889 386 915 422; x_wconf 88' lang='lat' dir='ltr'>et</span> <span class='ocrx_word' id='word_1_33' title='bbox 931 374 1000 425; x_wconf 78' lang='lat' dir='ltr'>nuda</span> 
     </span>
     <span class='ocr_line' id='line_1_6' title="bbox 91 433 1000 511; baseline 0.002 -17"><span class='ocrx_word' id='word_1_34' title='bbox 91 448 209 502; x_wconf 86' lang='lat' dir='ltr'>omnium</span> <span class='ocrx_word' id='word_1_35' title='bbox 222 460 294 492; x_wconf 88' lang='lat' dir='ltr'>mens</span> <span class='ocrx_word' id='word_1_36' title='bbox 304 440 402 506; x_wconf 67' lang='lat' dir='ltr'>posteri</span> <span class='ocrx_word' id='word_1_37' title='bbox 416 439 457 488; x_wconf 88' lang='lat' dir='ltr'>die</span> <span class='ocrx_word' id='word_1_38' title='bbox 466 452 616 504; x_wconf 81' lang='lat' dir='ltr'>retractatur</span> <span class='ocrx_word' id='word_1_39' title='bbox 625 478 635 501; x_wconf 83' lang='lat'>,</span> <span class='ocrx_word' id='word_1_40' title='bbox 643 453 669 489; x_wconf 87' lang='lat' dir='ltr'>et</span> <span class='ocrx_word' id='word_1_41' title='bbox 678 433 744 489; x_wconf 87' lang='lat' dir='ltr'>salva</span> <span class='ocrx_word' id='word_1_42' title='bbox 754 446 882 507; x_wconf 82' lang='lat' dir='ltr'>utriusque</span> <span class='ocrx_word' id='word_1_43' title='bbox 897 458 1000 511; x_wconf 82' lang='lat' dir='ltr'>tempo-</span> 
     </span>
     <span class='ocr_line' id='line_1_7' title="bbox 85 512 1000 579; baseline 0.001 -11"><span class='ocrx_word' id='word_1_44' title='bbox 85 518 125 568; x_wconf 82' lang='lat' dir='ltr'>ris</span> <span class='ocrx_word' id='word_1_45' title='bbox 133 520 198 566; x_wconf 86' lang='lat' dir='ltr'>ratio</span> <span class='ocrx_word' id='word_1_46' title='bbox 208 529 255 565; x_wconf 85' lang='lat' dir='ltr'>est.</span> <span class='ocrx_word' id='word_1_47' title='bbox 266 514 426 573; x_wconf 70' lang='lat' dir='ltr'>Deliberant,</span> <span class='ocrx_word' id='word_1_48' title='bbox 435 512 497 561; x_wconf 86' lang='lat' dir='ltr'>dum</span> <span class='ocrx_word' id='word_1_49' title='bbox 507 513 600 578; x_wconf 71' lang='lat' dir='ltr'>lingere</span> <span class='ocrx_word' id='word_1_50' title='bbox 610 515 741 563; x_wconf 79' lang='lat' dir='ltr'>nesciunt:</span> <span class='ocrx_word' id='word_1_51' title='bbox 755 519 926 579; x_wconf 87' lang='lat' dir='ltr'>constituunt,</span> <span class='ocrx_word' id='word_1_52' title='bbox 937 520 1000 570; x_wconf 88' lang='lat' dir='ltr'>dum</span> 
     </span>
     <span class='ocr_line' id='line_1_8' title="bbox 88 596 371 654; baseline -0.032 -14"><span class='ocrx_word' id='word_1_53' title='bbox 88 606 176 640; x_wconf 81' lang='lat' dir='ltr'>errare</span> <span class='ocrx_word' id='word_1_54' title='bbox 189 607 241 639; x_wconf 89' lang='lat' dir='ltr'>non</span> <span class='ocrx_word' id='word_1_55' title='bbox 253 596 371 654; x_wconf 79' lang='lat' dir='ltr'>possunt.</span> 
     </span>
    </p>

    <p class='ocr_par' dir='ltr' id='par_1_4' title="bbox 91 658 1026 1094">
     <span class='ocr_line' id='line_1_9' title="bbox 104 658 1000 726; baseline -0.009 -14"><span class='ocrx_word' id='word_1_56' title='bbox 104 681 107 686; x_wconf 92' lang='grc'><em>·</em></span> <span class='ocrx_word' id='word_1_57' title='bbox 127 662 226 712; x_wconf 80' lang='lat' dir='ltr'>XXIII.</span> <span class='ocrx_word' id='word_1_58' title='bbox 240 661 315 710; x_wconf 86' lang='lat' dir='ltr'>Potui</span> <span class='ocrx_word' id='word_1_59' title='bbox 325 658 417 707; x_wconf 87' lang='lat' dir='ltr'>humor</span> <span class='ocrx_word' id='word_1_60' title='bbox 429 674 459 706; x_wconf 84' lang='lat' dir='ltr'>ex</span> <span class='ocrx_word' id='word_1_61' title='bbox 469 658 566 711; x_wconf 81' lang='lat' dir='ltr'>hordeo</span> <span class='ocrx_word' id='word_1_62' title='bbox 574 667 621 711; x_wconf 80' lang='lat' dir='ltr'>aut</span> <span class='ocrx_word' id='word_1_63' title='bbox 632 659 770 723; x_wconf 76' lang='lat' dir='ltr'>frumento,</span> <span class='ocrx_word' id='word_1_64' title='bbox 781 662 805 709; x_wconf 89' lang='lat' dir='ltr'>in</span> <span class='ocrx_word' id='word_1_65' title='bbox 815 665 949 726; x_wconf 69' lang='lat' dir='ltr'>quamdam</span> <span class='ocrx_word' id='word_1_66' title='bbox 962 668 1000 715; x_wconf 83' lang='lat' dir='ltr'>si.</span> 
     </span>
     <span class='ocr_line' id='line_1_10' title="bbox 91 732 999 801; baseline 0.004 -18"><span class='ocrx_word' id='word_1_67' title='bbox 91 734 263 787; x_wconf 74' lang='lat' dir='ltr'><strong>militudinem</strong></span> <span class='ocrx_word' id='word_1_68' title='bbox 276 734 328 780; x_wconf 81' lang='lat' dir='ltr'>vini</span> <span class='ocrx_word' id='word_1_69' title='bbox 340 743 483 797; x_wconf 81' lang='lat' dir='ltr'>corruptus.</span> <span class='ocrx_word' id='word_1_70' title='bbox 501 732 613 783; x_wconf 77' lang='lat' dir='ltr'>Proximi</span> <span class='ocrx_word' id='word_1_71' title='bbox 624 735 684 801; x_wconf 78' lang='lat' dir='ltr'>ripae</span> <span class='ocrx_word' id='word_1_72' title='bbox 700 747 727 782; x_wconf 88' lang='lat' dir='ltr'>et</span> <span class='ocrx_word' id='word_1_73' title='bbox 740 736 825 783; x_wconf 86' lang='lat' dir='ltr'>vinnm</span> <span class='ocrx_word' id='word_1_74' title='bbox 843 750 999 798; x_wconf 69' lang='lat' dir='ltr'>mercantur,</span> 
     </span>
     <span class='ocr_line' id='line_1_11' title="bbox 93 806 998 874; baseline 0.003 -16"><span class='ocrx_word' id='word_1_75' title='bbox 93 810 154 858; x_wconf 79' lang='lat' dir='ltr'>cibi</span> <span class='ocrx_word' id='word_1_76' title='bbox 168 809 311 874; x_wconf 81' lang='lat' dir='ltr'>simplices,</span> <span class='ocrx_word' id='word_1_77' title='bbox 323 806 430 869; x_wconf 69' lang='lat' dir='ltr'>agrestia</span> <span class='ocrx_word' id='word_1_78' title='bbox 443 822 518 869; x_wconf 80' lang='lat' dir='ltr'>poma</span> <span class='ocrx_word' id='word_1_79' title='bbox 528 806 635 865; x_wconf 75' lang='lat' dir='ltr'>‚reeens</span> <span class='ocrx_word' id='word_1_80' title='bbox 648 807 704 874; x_wconf 67' lang='lat' dir='ltr'>leta</span> <span class='ocrx_word' id='word_1_81' title='bbox 711 843 718 862; x_wconf 86' lang='lat'>‚</span> <span class='ocrx_word' id='word_1_82' title='bbox 731 819 775 855; x_wconf 91' lang='lat' dir='ltr'>aut</span> <span class='ocrx_word' id='word_1_83' title='bbox 786 809 824 857; x_wconf 87' lang='lat' dir='ltr'>lac</span> <span class='ocrx_word' id='word_1_84' title='bbox 840 823 998 861; x_wconf 82' lang='lat' dir='ltr'>concretum.</span> 
     </span>
     <span class='ocr_line' id='line_1_12' title="bbox 91 875 997 947; baseline 0.003 -17"><span class='ocrx_word' id='word_1_85' title='bbox 91 883 153 931; x_wconf 79' lang='lat' dir='ltr'>Siue</span> <span class='ocrx_word' id='word_1_86' title='bbox 165 892 297 947; x_wconf 84' lang='lat' dir='ltr'>apparatu,</span> <span class='ocrx_word' id='word_1_87' title='bbox 308 876 363 926; x_wconf 85' lang='lat' dir='ltr'>sine</span> <span class='ocrx_word' id='word_1_88' title='bbox 381 875 561 927; x_wconf 76' lang='lat' dir='ltr'>blandimentis</span> <span class='ocrx_word' id='word_1_89' title='bbox 571 879 700 944; x_wconf 81' lang='lat' dir='ltr'>expellunt</span> <span class='ocrx_word' id='word_1_90' title='bbox 711 877 813 928; x_wconf 81' lang='lat' dir='ltr'>samem.</span> <span class='ocrx_word' id='word_1_91' title='bbox 823 881 951 932; x_wconf 82' lang='lat' dir='ltr'>Adversus</span> <span class='ocrx_word' id='word_1_92' title='bbox 960 887 997 933; x_wconf 87' lang='lat' dir='ltr'>si-</span> 
     </span>
     <span class='ocr_line' id='line_1_13' title="bbox 91 951 999 1024; baseline 0 -20"><span class='ocrx_word' id='word_1_93' title='bbox 91 956 141 1005; x_wconf 87' lang='lat' dir='ltr'>tim</span> <span class='ocrx_word' id='word_1_94' title='bbox 152 988 159 1015; x_wconf 85' lang='lat'>,</span> <span class='ocrx_word' id='word_1_95' title='bbox 169 971 223 1002; x_wconf 88' lang='lat' dir='ltr'>non</span> <span class='ocrx_word' id='word_1_96' title='bbox 231 951 319 1000; x_wconf 83' lang='lat' dir='ltr'>eadem</span> <span class='ocrx_word' id='word_1_97' title='bbox 332 951 503 1015; x_wconf 74' lang='lat' dir='ltr'>temperantia.</span> <span class='ocrx_word' id='word_1_98' title='bbox 514 954 540 999; x_wconf 83' lang='lat' dir='ltr'>Si</span> <span class='ocrx_word' id='word_1_99' title='bbox 554 952 690 1000; x_wconf 85' lang='lat' dir='ltr'>indulseris</span> <span class='ocrx_word' id='word_1_100' title='bbox 700 954 830 1010; x_wconf 78' lang='lat' dir='ltr'>ebrietati,</span> <span class='ocrx_word' id='word_1_101' title='bbox 843 955 999 1024; x_wconf 76' lang='lat' dir='ltr'>suggerendo</span> 
     </span>
     <span class='ocr_line' id='line_1_14' title="bbox 95 1022 1026 1094; baseline 0.001 -17"><span class='ocrx_word' id='word_1_102' title='bbox 95 1040 219 1094; x_wconf 81' lang='lat' dir='ltr'>quantum</span> <span class='ocrx_word' id='word_1_103' title='bbox 238 1026 437 1091; x_wconf 82' lang='lat' dir='ltr'>concupiscunt,</span> <span class='ocrx_word' id='word_1_104' title='bbox 454 1024 522 1072; x_wconf 82' lang='lat' dir='ltr'>hand</span> <span class='ocrx_word' id='word_1_105' title='bbox 540 1028 625 1089; x_wconf 84' lang='lat' dir='ltr'>minus</span> <span class='ocrx_word' id='word_1_106' title='bbox 639 1022 711 1073; x_wconf 75' lang='lat' dir='ltr'>facile</span> <span class='ocrx_word' id='word_1_107' title='bbox 728 1025 810 1084; x_wconf 77' lang='lat' dir='ltr'>vitiis,</span> <span class='ocrx_word' id='word_1_108' title='bbox 828 1026 904 1089; x_wconf 72' lang='lat' dir='ltr'>quam</span> <span class='ocrx_word' id='word_1_109' title='bbox 921 1031 999 1078; x_wconf 82' lang='lat' dir='ltr'>armis</span> <span class='ocrx_word' id='word_1_110' title='bbox 1023 1067 1026 1071; x_wconf 24' lang='grc' dir='ltr'><em>ι</em></span> 
     </span>
    </p>

    <p class='ocr_par' dir='ltr' id='par_1_5' title="bbox 52 1095 902 1162">
     <span class='ocr_line' id='line_1_15' title="bbox 52 1095 902 1162; baseline -0.006 -10"><span class='ocrx_word' id='word_1_111' title='bbox 52 1099 60 1112; x_wconf 47' lang='lat'>⁸</span> <span class='ocrx_word' id='word_1_112' title='bbox 95 1103 241 1162; x_wconf 77' lang='lat' dir='ltr'>vincentur.</span> <span class='ocrx_word' id='word_1_113' title='bbox 899 1095 902 1103; x_wconf 68' lang='grc'>’</span> 
     </span>
    </p>

    <p class='ocr_par' dir='ltr' id='par_1_6' title="bbox 92 1167 1003 2046">
     <span class='ocr_line' id='line_1_16' title="bbox 108 1167 998 1235; baseline -0.001 -12"><span class='ocrx_word' id='word_1_114' title='bbox 108 1171 111 1175; x_wconf 64' lang='grc'><em>’</em></span> <span class='ocrx_word' id='word_1_115' title='bbox 125 1173 223 1224; x_wconf 76' lang='lat' dir='ltr'>xxiv.</span> <span class='ocrx_word' id='word_1_116' title='bbox 235 1171 322 1220; x_wconf 85' lang='lat' dir='ltr'>Genus</span> <span class='ocrx_word' id='word_1_117' title='bbox 334 1167 535 1235; x_wconf 82' lang='lat' dir='ltr'>spectaculorum</span> <span class='ocrx_word' id='word_1_118' title='bbox 545 1183 637 1227; x_wconf 86' lang='lat' dir='ltr'>unum,</span> <span class='ocrx_word' id='word_1_119' title='bbox 648 1182 722 1232; x_wconf 86' lang='lat' dir='ltr'>atque</span> <span class='ocrx_word' id='word_1_120' title='bbox 732 1172 759 1218; x_wconf 91' lang='lat' dir='ltr'>in</span> <span class='ocrx_word' id='word_1_121' title='bbox 768 1169 838 1219; x_wconf 89' lang='lat' dir='ltr'>omni</span> <span class='ocrx_word' id='word_1_122' title='bbox 845 1184 909 1220; x_wconf 86' lang='lat' dir='ltr'>coetu</span> <span class='ocrx_word' id='word_1_123' title='bbox 919 1171 998 1222; x_wconf 87' lang='lat' dir='ltr'>idem.</span> 
     </span>
     <span class='ocr_line' id='line_1_17' title="bbox 95 1237 999 1310; baseline -0.002 -15"><span class='ocrx_word' id='word_1_124' title='bbox 95 1246 164 1295; x_wconf 83' lang='lat' dir='ltr'>Nudi</span> <span class='ocrx_word' id='word_1_125' title='bbox 173 1246 286 1309; x_wconf 77' lang='lat' dir='ltr'>juvenes,</span> <span class='ocrx_word' id='word_1_126' title='bbox 298 1244 390 1307; x_wconf 87' lang='lat' dir='ltr'>quihus</span> <span class='ocrx_word' id='word_1_127' title='bbox 401 1239 427 1288; x_wconf 86' lang='lat' dir='ltr'>&#39;td</span> <span class='ocrx_word' id='word_1_128' title='bbox 439 1237 568 1289; x_wconf 86' lang='lat' dir='ltr'>ludicrum</span> <span class='ocrx_word' id='word_1_129' title='bbox 580 1252 633 1295; x_wconf 84' lang='lat' dir='ltr'>est,</span> <span class='ocrx_word' id='word_1_130' title='bbox 647 1243 711 1289; x_wconf 90' lang='lat' dir='ltr'>inter</span> <span class='ocrx_word' id='word_1_131' title='bbox 723 1244 819 1308; x_wconf 72' lang='lat' dir='ltr'>gladios</span> <span class='ocrx_word' id='word_1_132' title='bbox 829 1260 855 1291; x_wconf 86' lang='lat' dir='ltr'>se</span> <span class='ocrx_word' id='word_1_133' title='bbox 869 1256 944 1310; x_wconf 85' lang='lat' dir='ltr'>atque</span> <span class='ocrx_word' id='word_1_134' title='bbox 957 1247 999 1293; x_wconf 89' lang='lat' dir='ltr'>in·</span> 
     </span>
     <span class='ocr_line' id='line_1_18' title="bbox 95 1313 997 1382; baseline 0.002 -17"><span class='ocrx_word' id='word_1_135' title='bbox 95 1317 172 1366; x_wconf 76' lang='lat' dir='ltr'>festas</span> <span class='ocrx_word' id='word_1_136' title='bbox 182 1319 289 1364; x_wconf 81' lang='lat' dir='ltr'>frameas</span> <span class='ocrx_word' id='word_1_137' title='bbox 301 1316 366 1361; x_wconf 85' lang='lat' dir='ltr'>saltu</span> <span class='ocrx_word' id='word_1_138' title='bbox 378 1315 479 1378; x_wconf 67' lang='lat' dir='ltr'>iaciunt„</span> <span class='ocrx_word' id='word_1_139' title='bbox 492 1313 649 1362; x_wconf 80' lang='lat' dir='ltr'>Exercitatio</span> <span class='ocrx_word' id='word_1_140' title='bbox 660 1326 740 1362; x_wconf 83' lang='lat' dir='ltr'>artem</span> <span class='ocrx_word' id='word_1_141' title='bbox 750 1319 856 1382; x_wconf 84' lang='lat' dir='ltr'>paravit,</span> <span class='ocrx_word' id='word_1_142' title='bbox 868 1333 907 1365; x_wconf 84' lang='lat' dir='ltr'>ars</span> <span class='ocrx_word' id='word_1_143' title='bbox 919 1318 997 1368; x_wconf 83' lang='lat' dir='ltr'>deco-</span> 
     </span>
     <span class='ocr_line' id='line_1_19' title="bbox 96 1388 999 1453; baseline 0 -14"><span class='ocrx_word' id='word_1_144' title='bbox 96 1388 173 1439; x_wconf 82' lang='lat' dir='ltr'>rem:</span> <span class='ocrx_word' id='word_1_145' title='bbox 189 1408 241 1438; x_wconf 89' lang='lat' dir='ltr'>nun</span> <span class='ocrx_word' id='word_1_146' title='bbox 253 1394 278 1436; x_wconf 86' lang='lat' dir='ltr'>in</span> <span class='ocrx_word' id='word_1_147' title='bbox 296 1398 419 1453; x_wconf 65' lang='lat' dir='ltr'>questum</span> <span class='ocrx_word' id='word_1_148' title='bbox 438 1398 522 1433; x_wconf 85' lang='lat' dir='ltr'>tamen</span> <span class='ocrx_word' id='word_1_149' title='bbox 538 1399 582 1434; x_wconf 89' lang='lat' dir='ltr'>aut</span> <span class='ocrx_word' id='word_1_150' title='bbox 599 1388 758 1437; x_wconf 80' lang='lat' dir='ltr'>mercedem:</span> <span class='ocrx_word' id='word_1_151' title='bbox 775 1390 887 1453; x_wconf 77' lang='lat' dir='ltr'>quamvis</span> <span class='ocrx_word' id='word_1_152' title='bbox 897 1390 999 1440; x_wconf 85' lang='lat' dir='ltr'>audacis</span> 
     </span>
     <span class='ocr_line' id='line_1_20' title="bbox 97 1458 1003 1531; baseline 0.001 -20"><span class='ocrx_word' id='word_1_153' title='bbox 97 1464 206 1512; x_wconf 79' lang='lat' dir='ltr'>lascivire</span> <span class='ocrx_word' id='word_1_154' title='bbox 214 1463 324 1528; x_wconf 84' lang='lat' dir='ltr'>pretium</span> <span class='ocrx_word' id='word_1_155' title='bbox 334 1469 373 1507; x_wconf 89' lang='lat' dir='ltr'>est</span> <span class='ocrx_word' id='word_1_156' title='bbox 383 1460 499 1525; x_wconf 82' lang='lat' dir='ltr'>voluptas</span> <span class='ocrx_word' id='word_1_157' title='bbox 508 1460 685 1524; x_wconf 76' lang='lat' dir='ltr'>spectantium.</span> <span class='ocrx_word' id='word_1_158' title='bbox 699 1458 788 1509; x_wconf 83' lang='lat' dir='ltr'>Aleam</span> <span class='ocrx_word' id='word_1_159' title='bbox 798 1462 882 1527; x_wconf 78' lang='lat' dir='ltr'>[quod</span> <span class='ocrx_word' id='word_1_160' title='bbox 892 1464 1003 1531; x_wconf 67' lang='lat' dir='ltr'>mirere)</span> 
     </span>
     <span class='ocr_line' id='line_1_21' title="bbox 96 1533 1000 1601; baseline 0.003 -15"><span class='ocrx_word' id='word_1_161' title='bbox 96 1538 175 1585; x_wconf 82' lang='lat' dir='ltr'>sobrii</span> <span class='ocrx_word' id='word_1_162' title='bbox 185 1541 249 1586; x_wconf 87' lang='lat' dir='ltr'>inter</span> <span class='ocrx_word' id='word_1_163' title='bbox 262 1537 324 1584; x_wconf 79' lang='lat' dir='ltr'>aen&#39;a</span> <span class='ocrx_word' id='word_1_164' title='bbox 334 1545 467 1592; x_wconf 80' lang='lat' dir='ltr'>exercent,</span> <span class='ocrx_word' id='word_1_165' title='bbox 478 1533 548 1582; x_wconf 68' lang='lat' dir='ltr'>tanti</span> <span class='ocrx_word' id='word_1_166' title='bbox 559 1534 673 1582; x_wconf 83' lang='lat' dir='ltr'>lucrandi</span> <span class='ocrx_word' id='word_1_167' title='bbox 681 1536 834 1601; x_wconf 75' lang='lat' dir='ltr'>perdendir&#39;e</span> <span class='ocrx_word' id='word_1_168' title='bbox 846 1537 1000 1598; x_wconf 70' lang='lat' dir='ltr'>temeritate,</span> 
     </span>
     <span class='ocr_line' id='line_1_22' title="bbox 95 1603 998 1675; baseline 0.002 -17"><span class='ocrx_word' id='word_1_169' title='bbox 95 1612 142 1671; x_wconf 82' lang='lat' dir='ltr'>ut,</span> <span class='ocrx_word' id='word_1_170' title='bbox 158 1627 236 1675; x_wconf 88' lang='lat' dir='ltr'>quum</span> <span class='ocrx_word' id='word_1_171' title='bbox 248 1611 333 1657; x_wconf 89' lang='lat' dir='ltr'>omnia</span> <span class='ocrx_word' id='word_1_172' title='bbox 345 1606 507 1660; x_wconf 79' lang='lat' dir='ltr'>defecerunt,</span> <span class='ocrx_word' id='word_1_173' title='bbox 519 1618 634 1655; x_wconf 78' lang='lat' dir='ltr'>extremo</span> <span class='ocrx_word' id='word_1_174' title='bbox 647 1626 675 1656; x_wconf 88' lang='lat' dir='ltr'>ac</span> <span class='ocrx_word' id='word_1_175' title='bbox 690 1603 829 1658; x_wconf 78' lang='lat' dir='ltr'>novissirim</span> <span class='ocrx_word' id='word_1_176' title='bbox 843 1611 910 1675; x_wconf 81' lang='lat' dir='ltr'>jactu</span> <span class='ocrx_word' id='word_1_177' title='bbox 923 1612 954 1659; x_wconf 88' lang='lat' dir='ltr'>de</span> <span class='ocrx_word' id='word_1_178' title='bbox 965 1613 998 1659; x_wconf 91' lang='lat' dir='ltr'>li·</span> 
     </span>
     <span class='ocr_line' id='line_1_23' title="bbox 92 1675 1002 1748; baseline 0.003 -16"><span class='ocrx_word' id='word_1_179' title='bbox 92 1678 192 1732; x_wconf 87' lang='lat' dir='ltr'>bertate</span> <span class='ocrx_word' id='word_1_180' title='bbox 202 1675 228 1732; x_wconf 46' lang='lat' dir='ltr'>e&#39;t</span> <span class='ocrx_word' id='word_1_181' title='bbox 239 1683 271 1731; x_wconf 92' lang='lat' dir='ltr'>de</span> <span class='ocrx_word' id='word_1_182' title='bbox 282 1697 389 1748; x_wconf 83' lang='lat' dir='ltr'>corpore</span> <span class='ocrx_word' id='word_1_183' title='bbox 397 1680 562 1730; x_wconf 83' lang='lat' dir='ltr'>contendant.</span> <span class='ocrx_word' id='word_1_184' title='bbox 572 1681 662 1731; x_wconf 83' lang='lat' dir='ltr'>Victus</span> <span class='ocrx_word' id='word_1_185' title='bbox 674 1685 841 1732; x_wconf 84' lang='lat' dir='ltr'>voluntariam</span> <span class='ocrx_word' id='word_1_186' title='bbox 852 1679 1002 1735; x_wconf 79' lang='lat' dir='ltr'>servitutem</span> 
     </span>
     <span class='ocr_line' id='line_1_24' title="bbox 97 1756 1000 1824; baseline -0.002 -15"><span class='ocrx_word' id='word_1_187' title='bbox 97 1759 169 1810; x_wconf 78' lang='lat' dir='ltr'>adit:</span> <span class='ocrx_word' id='word_1_188' title='bbox 185 1758 302 1822; x_wconf 75' lang='lat' dir='ltr'>quamvis</span> <span class='ocrx_word' id='word_1_189' title='bbox 317 1756 411 1819; x_wconf 73' lang='lat' dir='ltr'>junior,</span> <span class='ocrx_word' id='word_1_190' title='bbox 428 1757 543 1818; x_wconf 85' lang='lat' dir='ltr'>quamvis</span> <span class='ocrx_word' id='word_1_191' title='bbox 560 1757 701 1819; x_wconf 85' lang='lat' dir='ltr'>robustior,</span> <span class='ocrx_word' id='word_1_192' title='bbox 716 1756 822 1824; x_wconf 78' lang='lat' dir='ltr'>adligari</span> <span class='ocrx_word' id='word_1_193' title='bbox 832 1775 858 1805; x_wconf 86' lang='lat' dir='ltr'>se</span> <span class='ocrx_word' id='word_1_194' title='bbox 874 1775 902 1806; x_wconf 87' lang='lat' dir='ltr'>ac</span> <span class='ocrx_word' id='word_1_195' title='bbox 915 1759 1000 1807; x_wconf 83' lang='lat' dir='ltr'>venire</span> 
     </span>
     <span class='ocr_line' id='line_1_25' title="bbox 96 1828 1003 1898; baseline 0.001 -18"><span class='ocrx_word' id='word_1_196' title='bbox 96 1834 210 1896; x_wconf 81' lang='lat' dir='ltr'>patitur:</span> <span class='ocrx_word' id='word_1_197' title='bbox 224 1849 254 1878; x_wconf 90' lang='lat' dir='ltr'>ea</span> <span class='ocrx_word' id='word_1_198' title='bbox 263 1843 301 1878; x_wconf 84' lang='lat' dir='ltr'>est</span> <span class='ocrx_word' id='word_1_199' title='bbox 310 1833 335 1875; x_wconf 87' lang='lat' dir='ltr'>in</span> <span class='ocrx_word' id='word_1_200' title='bbox 346 1846 371 1876; x_wconf 90' lang='lat' dir='ltr'>re</span> <span class='ocrx_word' id='word_1_201' title='bbox 386 1828 463 1895; x_wconf 78' lang='lat' dir='ltr'>pravsl</span> <span class='ocrx_word' id='word_1_202' title='bbox 475 1829 634 1898; x_wconf 81' lang='lat' dir='ltr'>pervicacia:</span> <span class='ocrx_word' id='word_1_203' title='bbox 650 1831 697 1894; x_wconf 87' lang='lat' dir='ltr'>ipsi</span> <span class='ocrx_word' id='word_1_204' title='bbox 709 1830 785 1878; x_wconf 85' lang='lat' dir='ltr'>iidem</span> <span class='ocrx_word' id='word_1_205' title='bbox 797 1846 897 1880; x_wconf 77' lang='lat' dir='ltr'>vocant.</span> <span class='ocrx_word' id='word_1_206' title='bbox 909 1835 1003 1881; x_wconf 78' lang='lat' dir='ltr'>Servor</span> 
     </span>
     <span class='ocr_line' id='line_1_26' title="bbox 98 1901 1002 1972; baseline 0 -21"><span class='ocrx_word' id='word_1_207' title='bbox 98 1905 253 1952; x_wconf 82' lang='lat' dir='ltr'>conditionis</span> <span class='ocrx_word' id='word_1_208' title='bbox 272 1903 345 1964; x_wconf 72' lang='lat' dir='ltr'>buius</span> <span class='ocrx_word' id='word_1_209' title='bbox 356 1919 400 1967; x_wconf 87' lang='lat' dir='ltr'>per</span> <span class='ocrx_word' id='word_1_210' title='bbox 418 1902 569 1950; x_wconf 87' lang='lat' dir='ltr'>commercia</span> <span class='ocrx_word' id='word_1_211' title='bbox 582 1901 699 1972; x_wconf 79' lang='lat' dir='ltr'>tradunt,</span> <span class='ocrx_word' id='word_1_212' title='bbox 716 1916 782 1952; x_wconf 82' lang='lat' dir='ltr'>urse</span> <span class='ocrx_word' id='word_1_213' title='bbox 794 1921 893 1968; x_wconf 84' lang='lat' dir='ltr'>quoque</span> <span class='ocrx_word' id='word_1_214' title='bbox 904 1906 1002 1972; x_wconf 82' lang='lat' dir='ltr'>pudore</span> 
     </span>
     <span class='ocr_line' id='line_1_27' title="bbox 101 1978 972 2046; baseline -0.003 -20"><span class='ocrx_word' id='word_1_215' title='bbox 101 1978 214 2026; x_wconf 83' lang='lat' dir='ltr'>victoriae</span> <span class='ocrx_word' id='word_1_216' title='bbox 224 1978 361 2024; x_wconf 80' lang='lat' dir='ltr'>exsolvant.</span> <span class='ocrx_word' id='word_1_217' title='bbox 875 2023 883 2046; x_wconf 70' lang='lat' dir='ltr'><strong><em>s</em></strong></span> <span class='ocrx_word' id='word_1_218' title='bbox 961 2031 972 2038; x_wconf 86' lang='lat'>..</span> 
     </span>
    </p>

    <p class='ocr_par' dir='ltr' id='par_1_7' title="bbox 95 2046 1005 2412">
     <span class='ocr_line' id='line_1_28' title="bbox 131 2046 1003 2113; baseline 0 -16"><span class='ocrx_word' id='word_1_219' title='bbox 131 2047 220 2097; x_wconf 72' lang='lat' dir='ltr'>XXV.¹</span> <span class='ocrx_word' id='word_1_220' title='bbox 236 2048 330 2096; x_wconf 80' lang='lat' dir='ltr'>Ceteris</span> <span class='ocrx_word' id='word_1_221' title='bbox 345 2049 441 2104; x_wconf 87' lang='lat' dir='ltr'>servis,</span> <span class='ocrx_word' id='word_1_222' title='bbox 459 2047 551 2095; x_wconf 89' lang='lat' dir='ltr'>nonin</span> <span class='ocrx_word' id='word_1_223' title='bbox 569 2059 682 2094; x_wconf 89' lang='lat' dir='ltr'>nostrum</span> <span class='ocrx_word' id='word_1_224' title='bbox 701 2063 798 2096; x_wconf 83' lang='lat' dir='ltr'>morem</span> <span class='ocrx_word' id='word_1_225' title='bbox 815 2046 947 2113; x_wconf 83' lang='lat' dir='ltr'>descriptis</span> <span class='ocrx_word' id='word_1_226' title='bbox 958 2066 1003 2113; x_wconf 85' lang='lat' dir='ltr'>per</span> 
     </span>
     <span class='ocr_line' id='line_1_29' title="bbox 95 2120 1005 2190; baseline -0.003 -17"><span class='ocrx_word' id='word_1_227' title='bbox 95 2122 221 2178; x_wconf 67' lang='lat' dir='ltr'>fauillam</span> <span class='ocrx_word' id='word_1_228' title='bbox 232 2121 387 2178; x_wconf 86' lang='lat' dir='ltr'>ministeriis,</span> <span class='ocrx_word' id='word_1_229' title='bbox 398 2132 514 2170; x_wconf 86' lang='lat' dir='ltr'>utuntur.</span> <span class='ocrx_word' id='word_1_230' title='bbox 528 2121 603 2167; x_wconf 87' lang='lat' dir='ltr'>Suam</span> <span class='ocrx_word' id='word_1_231' title='bbox 613 2120 718 2184; x_wconf 77' lang='lat' dir='ltr'>quisque</span> <span class='ocrx_word' id='word_1_232' title='bbox 728 2120 822 2174; x_wconf 85' lang='lat' dir='ltr'>sedem.</span> <span class='ocrx_word' id='word_1_233' title='bbox 833 2137 891 2169; x_wconf 88' lang='lat' dir='ltr'>suos</span> <span class='ocrx_word' id='word_1_234' title='bbox 901 2134 1005 2190; x_wconf 71' lang='lat' dir='ltr'>penates¹</span> 
     </span>
     <span class='ocr_line' id='line_1_30' title="bbox 97 2187 1004 2260; baseline -0.001 -16"><span class='ocrx_word' id='word_1_235' title='bbox 97 2197 171 2259; x_wconf 80' lang='lat' dir='ltr'>regit.</span> <span class='ocrx_word' id='word_1_236' title='bbox 182 2198 313 2244; x_wconf 82' lang='lat' dir='ltr'>Frumenti</span> <span class='ocrx_word' id='word_1_237' title='bbox 323 2194 427 2242; x_wconf 88' lang='lat' dir='ltr'>modurn</span> <span class='ocrx_word' id='word_1_238' title='bbox 440 2193 574 2251; x_wconf 89' lang='lat' dir='ltr'>dominus,</span> <span class='ocrx_word' id='word_1_239' title='bbox 585 2187 629 2242; x_wconf 84' lang='lat' dir='ltr'>aut</span> <span class='ocrx_word' id='word_1_240' title='bbox 638 2195 751 2258; x_wconf 85' lang='lat' dir='ltr'>pecoris,</span> <span class='ocrx_word' id='word_1_241' title='bbox 762 2206 806 2241; x_wconf 88' lang='lat' dir='ltr'>aut</span> <span class='ocrx_word' id='word_1_242' title='bbox 816 2196 906 2253; x_wconf 83' lang='lat' dir='ltr'>vestis,</span> <span class='ocrx_word' id='word_1_243' title='bbox 922 2207 949 2243; x_wconf 90' lang='lat' dir='ltr'>ut</span> <span class='ocrx_word' id='word_1_244' title='bbox 958 2211 1004 2260; x_wconf 60' lang='lat' dir='ltr'>co-&gt;</span> 
     </span>
     <span class='ocr_line' id='line_1_31' title="bbox 97 2265 1004 2338; baseline 0 -22"><span class='ocrx_word' id='word_1_245' title='bbox 97 2268 162 2316; x_wconf 90' lang='lat' dir='ltr'>lono</span> <span class='ocrx_word' id='word_1_246' title='bbox 182 2269 305 2334; x_wconf 77' lang='lat' dir='ltr'>injungit:</span> <span class='ocrx_word' id='word_1_247' title='bbox 322 2280 346 2316; x_wconf 93' lang='lat' dir='ltr'>et</span> <span class='ocrx_word' id='word_1_248' title='bbox 359 2284 445 2316; x_wconf 74' lang='lat' dir='ltr'>servus</span> <span class='ocrx_word' id='word_1_249' title='bbox 464 2265 586 2315; x_wconf 77' lang='lat' dir='ltr'>lractenirs</span> <span class='ocrx_word' id='word_1_250' title='bbox 599 2280 681 2333; x_wconf 87' lang='lat' dir='ltr'>paret.</span> <span class='ocrx_word' id='word_1_251' title='bbox 694 2268 782 2316; x_wconf 84' lang='lat' dir='ltr'>Cetera</span> <span class='ocrx_word' id='word_1_252' title='bbox 801 2267 891 2316; x_wconf 81' lang='lat' dir='ltr'>domtls</span> <span class='ocrx_word' id='word_1_253' title='bbox 908 2268 1004 2338; x_wconf 77' lang='lat' dir='ltr'>qlllcin,</span> 
     </span>
     <span class='ocr_line' id='line_1_32' title="bbox 100 2335 1004 2412; baseline 0 -23"><span class='ocrx_word' id='word_1_254' title='bbox 100 2356 162 2389; x_wconf 76' lang='lat' dir='ltr'>uxor</span> <span class='ocrx_word' id='word_1_255' title='bbox 170 2357 198 2387; x_wconf 90' lang='lat' dir='ltr'>ac</span> <span class='ocrx_word' id='word_1_256' title='bbox 206 2343 279 2388; x_wconf 89' lang='lat' dir='ltr'>liberi</span> <span class='ocrx_word' id='word_1_257' title='bbox 285 2352 466 2412; x_wconf 74' lang='lat' dir='ltr'>exsequuntur.</span> <span class='ocrx_word' id='word_1_258' title='bbox 476 2341 615 2412; x_wconf 83' lang='lat' dir='ltr'>Verberare</span> <span class='ocrx_word' id='word_1_259' title='bbox 625 2337 768 2406; x_wconf 72' lang='lat' dir='ltr'>ser&#39;v&#39;urn,ac</span> <span class='ocrx_word' id='word_1_260' title='bbox 777 2335 917 2410; x_wconf 39' lang='lat' dir='ltr'>rinculisle&#39;t</span> <span class='ocrx_word' id='word_1_261' title='bbox 928 2342 1004 2408; x_wconf 77' lang='lat' dir='ltr'>opere</span> 
     </span>
    </p>

    <p class='ocr_par' dir='ltr' id='par_1_8' title="bbox 24 2409 1004 2852">
     <span class='ocr_line' id='line_1_33' title="bbox 24 2409 1002 2488; baseline 0.003 -24"><span class='ocrx_word' id='word_1_262' title='bbox 24 2425 27 2431; x_wconf 85' lang='lat'>&#39;</span> <span class='ocrx_word' id='word_1_263' title='bbox 67 2461 70 2464; x_wconf 23' lang='lat' dir='ltr'>r</span> <span class='ocrx_word' id='word_1_264' title='bbox 99 2427 228 2488; x_wconf 68' lang='lat' dir='ltr'>coercere,</span> <span class='ocrx_word' id='word_1_265' title='bbox 242 2436 338 2468; x_wconf 87' lang='lat' dir='ltr'>rarum.</span> <span class='ocrx_word' id='word_1_266' title='bbox 358 2417 481 2466; x_wconf 84' lang='lat' dir='ltr'>Occidere</span> <span class='ocrx_word' id='word_1_267' title='bbox 497 2409 599 2475; x_wconf 76' lang='lat' dir='ltr'>solent,</span> <span class='ocrx_word' id='word_1_268' title='bbox 609 2437 658 2467; x_wconf 90' lang='lat' dir='ltr'>non</span> <span class='ocrx_word' id='word_1_269' title='bbox 672 2418 803 2485; x_wconf 66' lang='lat' dir='ltr'>disciplina</span> <span class='ocrx_word' id='word_1_270' title='bbox 816 2431 843 2467; x_wconf 84' lang='lat' dir='ltr'>et</span> <span class='ocrx_word' id='word_1_271' title='bbox 858 2420 1002 2478; x_wconf 77' lang='lat' dir='ltr'>seueritate,</span> 
     </span>
     <span class='ocr_line' id='line_1_34' title="bbox 96 2487 1004 2557; baseline -0.002 -16"><span class='ocrx_word' id='word_1_272' title='bbox 96 2492 142 2541; x_wconf 81' lang='lat' dir='ltr'>sed</span> <span class='ocrx_word' id='word_1_273' title='bbox 153 2495 250 2557; x_wconf 88' lang='lat' dir='ltr'>impetu</span> <span class='ocrx_word' id='word_1_274' title='bbox 263 2506 288 2541; x_wconf 88' lang='lat' dir='ltr'>et</span> <span class='ocrx_word' id='word_1_275' title='bbox 299 2492 334 2540; x_wconf 72' lang='lat' dir='ltr'>&#39;ua</span> <span class='ocrx_word' id='word_1_276' title='bbox 344 2531 352 2550; x_wconf 83' lang='lat'><em>‚</em></span> <span class='ocrx_word' id='word_1_277' title='bbox 366 2502 394 2538; x_wconf 83' lang='lat' dir='ltr'>ut</span> <span class='ocrx_word' id='word_1_278' title='bbox 404 2490 535 2540; x_wconf 84' lang='lat' dir='ltr'>inimicum</span> <span class='ocrx_word' id='word_1_279' title='bbox 545 2530 552 2549; x_wconf 94' lang='lat'>,</span> <span class='ocrx_word' id='word_1_280' title='bbox 562 2492 609 2539; x_wconf 80' lang='lat' dir='ltr'>nisi</span> <span class='ocrx_word' id='word_1_281' title='bbox 619 2489 687 2556; x_wconf 85' lang='lat' dir='ltr'>qudd</span> <span class='ocrx_word' id='word_1_282' title='bbox 697 2487 806 2557; x_wconf 67' lang='lat' dir='ltr'>impuud.</span> <span class='ocrx_word' id='word_1_283' title='bbox 816 2491 940 2539; x_wconf 79' lang='lat' dir='ltr'>Libertini</span> <span class='ocrx_word' id='word_1_284' title='bbox 952 2508 1004 2539; x_wconf 81' lang='lat' dir='ltr'>nou</span> 
     </span>
     <span class='ocr_line' id='line_1_35' title="bbox 96 2564 1004 2630; baseline 0 -19"><span class='ocrx_word' id='word_1_285' title='bbox 96 2565 207 2616; x_wconf 77' lang='lat' dir='ltr'>multum</span> <span class='ocrx_word' id='word_1_286' title='bbox 220 2583 295 2630; x_wconf 82' lang='lat' dir='ltr'>supra</span> <span class='ocrx_word' id='word_1_287' title='bbox 314 2582 399 2613; x_wconf 81' lang='lat' dir='ltr'>servos</span> <span class='ocrx_word' id='word_1_288' title='bbox 417 2578 493 2622; x_wconf 79' lang='lat' dir='ltr'>sunt,</span> <span class='ocrx_word' id='word_1_289' title='bbox 510 2566 566 2613; x_wconf 81' lang='lat' dir='ltr'>rarb</span> <span class='ocrx_word' id='word_1_290' title='bbox 584 2566 686 2629; x_wconf 89' lang='lat' dir='ltr'>aliquod</span> <span class='ocrx_word' id='word_1_291' title='bbox 693 2578 854 2613; x_wconf 65' lang='lat' dir='ltr'>&#39;momentum</span> <span class='ocrx_word' id='word_1_292' title='bbox 870 2565 895 2612; x_wconf 93' lang='lat' dir='ltr'>in</span> <span class='ocrx_word' id='word_1_293' title='bbox 910 2564 1004 2622; x_wconf 78' lang='lat' dir='ltr'>tlonro,</span> 
     </span>
     <span class='ocr_line' id='line_1_36' title="bbox 96 2635 1002 2703; baseline -0.003 -16"><span class='ocrx_word' id='word_1_294' title='bbox 96 2655 229 2701; x_wconf 86' lang='lat' dir='ltr'>nunquam</span> <span class='ocrx_word' id='word_1_295' title='bbox 248 2639 274 2685; x_wconf 89' lang='lat' dir='ltr'>in</span> <span class='ocrx_word' id='word_1_296' title='bbox 291 2639 409 2703; x_wconf 73' lang='lat' dir='ltr'>civitate,</span> <span class='ocrx_word' id='word_1_297' title='bbox 423 2640 534 2702; x_wconf 73' lang='lat' dir='ltr'>exceptis</span> <span class='ocrx_word' id='word_1_298' title='bbox 554 2638 677 2684; x_wconf 80' lang='lat' dir='ltr'>duntaxat</span> <span class='ocrx_word' id='word_1_299' title='bbox 695 2638 725 2684; x_wconf 86' lang='lat' dir='ltr'>iis</span> <span class='ocrx_word' id='word_1_300' title='bbox 741 2635 874 2700; x_wconf 75' lang='lat' dir='ltr'>gentibus,</span> <span class='ocrx_word' id='word_1_301' title='bbox 891 2652 944 2697; x_wconf 78' lang='lat' dir='ltr'>quae</span> <span class='ocrx_word' id='word_1_302' title='bbox 958 2653 1002 2684; x_wconf 83' lang='lat' dir='ltr'>re·</span> 
     </span>
     <span class='ocr_line' id='line_1_37' title="bbox 100 2708 1000 2777; baseline 0 -18"><span class='ocrx_word' id='word_1_303' title='bbox 100 2724 220 2777; x_wconf 72' lang='lat' dir='ltr'>guantur.</span> <span class='ocrx_word' id='word_1_304' title='bbox 230 2711 268 2757; x_wconf 90' lang='lat' dir='ltr'>lbi</span> <span class='ocrx_word' id='word_1_305' title='bbox 278 2712 344 2757; x_wconf 87' lang='lat' dir='ltr'>enim</span> <span class='ocrx_word' id='word_1_306' title='bbox 355 2723 379 2760; x_wconf 87' lang='lat' dir='ltr'>et</span> <span class='ocrx_word' id='word_1_307' title='bbox 390 2729 464 2776; x_wconf 86' lang='lat' dir='ltr'>super</span> <span class='ocrx_word' id='word_1_308' title='bbox 473 2715 595 2774; x_wconf 77' lang='lat' dir='ltr'>ingenuos</span> <span class='ocrx_word' id='word_1_309' title='bbox 605 2720 630 2755; x_wconf 86' lang='lat' dir='ltr'>et</span> <span class='ocrx_word' id='word_1_310' title='bbox 638 2725 713 2774; x_wconf 83' lang='lat' dir='ltr'>super</span> <span class='ocrx_word' id='word_1_311' title='bbox 724 2708 1000 2758; x_wconf 84' lang='lat' dir='ltr'>nobilesadsceudunt:</span> 
     </span>
     <span class='ocr_line' id='line_1_38' title="bbox 29 2780 918 2852; baseline -0.003 -20"><span class='ocrx_word' id='word_1_312' title='bbox 29 2828 34 2835; x_wconf 89' lang='grc'><em>,</em></span> <span class='ocrx_word' id='word_1_313' title='bbox 102 2782 171 2852; x_wconf 82' lang='lat' dir='ltr'>apud</span> <span class='ocrx_word' id='word_1_314' title='bbox 186 2795 282 2852; x_wconf 82' lang='lat' dir='ltr'>ceteros</span> <span class='ocrx_word' id='word_1_315' title='bbox 291 2783 397 2849; x_wconf 86' lang='lat' dir='ltr'>impares</span> <span class='ocrx_word' id='word_1_316' title='bbox 410 2785 522 2844; x_wconf 85' lang='lat' dir='ltr'>libertini</span> <span class='ocrx_word' id='word_1_317' title='bbox 532 2780 656 2829; x_wconf 84' lang='lat' dir='ltr'>libertatis</span> <span class='ocrx_word' id='word_1_318' title='bbox 665 2791 841 2843; x_wconf 74' lang='lat' dir='ltr'>argumentum</span> <span class='ocrx_word' id='word_1_319' title='bbox 849 2793 918 2829; x_wconf 86' lang='lat' dir='ltr'>sunt.</span> 
     </span>
    </p>

    <p class='ocr_par' dir='ltr' id='par_1_9' title="bbox 93 2852 1076 3368">
     <span class='ocr_line' id='line_1_39' title="bbox 108 2852 1002 2922; baseline 0.002 -22"><span class='ocrx_word' id='word_1_320' title='bbox 108 2915 114 2920; x_wconf 22' lang='grc' dir='ltr'>ἱ</span> <span class='ocrx_word' id='word_1_321' title='bbox 132 2853 233 2909; x_wconf 75' lang='lat' dir='ltr'>XXVI,</span> <span class='ocrx_word' id='word_1_322' title='bbox 243 2856 326 2902; x_wconf 82' lang='lat' dir='ltr'>Fenus</span> <span class='ocrx_word' id='word_1_323' title='bbox 335 2859 429 2922; x_wconf 71' lang='lat' dir='ltr'>agitare</span> <span class='ocrx_word' id='word_1_324' title='bbox 439 2896 442 2908; x_wconf 88' lang='grc'>,</span> <span class='ocrx_word' id='word_1_325' title='bbox 455 2868 481 2903; x_wconf 84' lang='lat' dir='ltr'>et</span> <span class='ocrx_word' id='word_1_326' title='bbox 493 2857 517 2901; x_wconf 90' lang='lat' dir='ltr'>in</span> <span class='ocrx_word' id='word_1_327' title='bbox 530 2870 616 2902; x_wconf 79' lang='lat' dir='ltr'>usuras</span> <span class='ocrx_word' id='word_1_328' title='bbox 626 2852 774 2907; x_wconf 78' lang='lat' dir='ltr'>extendere,</span> <span class='ocrx_word' id='word_1_329' title='bbox 785 2853 898 2917; x_wconf 72' lang='lat' dir='ltr'>ignotum</span> <span class='ocrx_word' id='word_1_330' title='bbox 912 2870 918 2901; x_wconf 75' lang='grc' dir='ltr'><strong><em>ε</em></strong></span> <span class='ocrx_word' id='word_1_331' title='bbox 930 2853 1002 2903; x_wconf 90' lang='lat' dir='ltr'>ideo-</span> 
     </span>
     <span class='ocr_line' id='line_1_40' title="bbox 95 2921 1003 2993; baseline 0.006 -21"><span class='ocrx_word' id='word_1_332' title='bbox 95 2921 145 2989; x_wconf 83' lang='lat' dir='ltr'>que</span> <span class='ocrx_word' id='word_1_333' title='bbox 162 2925 245 2992; x_wconf 66' lang='lat' dir='ltr'>&#39;magis</span> <span class='ocrx_word' id='word_1_334' title='bbox 263 2941 394 2989; x_wconf 86' lang='lat' dir='ltr'>servatur,</span> <span class='ocrx_word' id='word_1_335' title='bbox 410 2945 484 2993; x_wconf 86' lang='lat' dir='ltr'>quam</span> <span class='ocrx_word' id='word_1_336' title='bbox 499 2929 520 2974; x_wconf 88' lang='lat' dir='ltr'>si</span> <span class='ocrx_word' id='word_1_337' title='bbox 535 2925 641 2972; x_wconf 77' lang='lat' dir='ltr'>vetitum</span> <span class='ocrx_word' id='word_1_338' title='bbox 660 2936 734 2973; x_wconf 87' lang='lat' dir='ltr'>esset.</span> <span class='ocrx_word' id='word_1_339' title='bbox 755 2923 818 2991; x_wconf 82' lang='lat' dir='ltr'>Agri</span> <span class='ocrx_word' id='word_1_340' title='bbox 834 2942 880 2993; x_wconf 88' lang='lat' dir='ltr'>pro</span> <span class='ocrx_word' id='word_1_341' title='bbox 894 2943 1003 2977; x_wconf 86' lang='lat' dir='ltr'>numero</span> 
     </span>
     <span class='ocr_line' id='line_1_41' title="bbox 94 3000 1002 3069; baseline 0.007 -24"><span class='ocrx_word' id='word_1_342' title='bbox 94 3001 239 3056; x_wconf 87' lang='lat' dir='ltr'>cultorum,</span> <span class='ocrx_word' id='word_1_343' title='bbox 252 3000 283 3047; x_wconf 82' lang='lat' dir='ltr'>alr</span> <span class='ocrx_word' id='word_1_344' title='bbox 297 3002 420 3048; x_wconf 80' lang='lat' dir='ltr'>universis</span> <span class='ocrx_word' id='word_1_345' title='bbox 433 3001 554 3069; x_wconf 79' lang='lat' dir='ltr'>pervices</span> <span class='ocrx_word' id='word_1_346' title='bbox 569 3010 738 3061; x_wconf 85' lang='lat' dir='ltr'>occupantur,</span> <span class='ocrx_word' id='word_1_347' title='bbox 753 3016 816 3063; x_wconf 85' lang='lat' dir='ltr'>quos</span> <span class='ocrx_word' id='word_1_348' title='bbox 826 3016 886 3048; x_wconf 80' lang='lat' dir='ltr'>mox</span> <span class='ocrx_word' id='word_1_349' title='bbox 898 3003 963 3050; x_wconf 86' lang='lat' dir='ltr'>inter</span> <span class='ocrx_word' id='word_1_350' title='bbox 974 3020 1002 3052; x_wconf 87' lang='lat' dir='ltr'>se</span> 
     </span>
     <span class='ocr_line' id='line_1_42' title="bbox 95 3070 1005 3148; baseline -0.008 -28"><span class='ocrx_word' id='word_1_351' title='bbox 95 3071 236 3120; x_wconf 75' lang='lat' dir='ltr'>secundnm</span> <span class='ocrx_word' id='word_1_352' title='bbox 247 3073 422 3148; x_wconf 16' lang='lat' dir='ltr'>‘dignationem</span> <span class='ocrx_word' id='word_1_353' title='bbox 430 3071 588 3136; x_wconf 80' lang='lat' dir='ltr'>partiuntur:</span> <span class='ocrx_word' id='word_1_354' title='bbox 598 3070 742 3142; x_wconf 67' lang='lat' dir='ltr'>facilitatem</span> <span class='ocrx_word' id='word_1_355' title='bbox 749 3074 886 3136; x_wconf 80' lang='lat' dir='ltr'>partiendi,</span> <span class='ocrx_word' id='word_1_356' title='bbox 896 3091 1005 3146; x_wconf 51' lang='lat' dir='ltr'>camp03</span> 
     </span>
     <span class='ocr_line' id='line_1_43' title="bbox 96 3143 1076 3218; baseline 0.008 -28"><span class='ocrx_word' id='word_1_357' title='bbox 96 3159 156 3190; x_wconf 78' lang='lat' dir='ltr'>rum</span> <span class='ocrx_word' id='word_1_358' title='bbox 172 3143 252 3212; x_wconf 69' lang='lat' dir='ltr'>spatia</span> <span class='ocrx_word' id='word_1_359' title='bbox 268 3158 395 3209; x_wconf 65' lang='lat' dir='ltr'>praestant</span> <span class='ocrx_word' id='word_1_360' title='bbox 409 3144 475 3193; x_wconf 80' lang='lat' dir='ltr'>Arra</span> <span class='ocrx_word' id='word_1_361' title='bbox 488 3162 532 3210; x_wconf 88' lang='lat' dir='ltr'>per</span> <span class='ocrx_word' id='word_1_362' title='bbox 544 3143 622 3192; x_wconf 83' lang='lat' dir='ltr'>annos</span> <span class='ocrx_word' id='word_1_363' title='bbox 634 3157 732 3192; x_wconf 79' lang='lat' dir='ltr'>rrrutant</span> <span class='ocrx_word' id='word_1_364' title='bbox 740 3182 747 3204; x_wconf 90' lang='lat'>,</span> <span class='ocrx_word' id='word_1_365' title='bbox 764 3157 790 3192; x_wconf 87' lang='lat' dir='ltr'>et</span> <span class='ocrx_word' id='word_1_366' title='bbox 802 3160 915 3214; x_wconf 74' lang='lat' dir='ltr'>superest</span> <span class='ocrx_word' id='word_1_367' title='bbox 928 3163 985 3214; x_wconf 78' lang='lat' dir='ltr'>ager</span> <span class='ocrx_word' id='word_1_368' title='bbox 993 3165 1006 3218; x_wconf 73' lang='lat'>2¹</span> <span class='ocrx_word' id='word_1_369' title='bbox 1069 3167 1076 3174; x_wconf 85' lang='lat'><strong>·</strong></span> 
     </span>
     <span class='ocr_line' id='line_1_44' title="bbox 97 3216 1004 3283; baseline 0.007 -21"><span class='ocrx_word' id='word_1_370' title='bbox 97 3230 145 3262; x_wconf 86' lang='lat' dir='ltr'>nec</span> <span class='ocrx_word' id='word_1_371' title='bbox 155 3218 288 3278; x_wconf 78' lang='lat' dir='ltr'>enimcum</span> <span class='ocrx_word' id='word_1_372' title='bbox 301 3220 417 3266; x_wconf 79' lang='lat' dir='ltr'>ubertate</span> <span class='ocrx_word' id='word_1_373' title='bbox 428 3228 454 3280; x_wconf 83' lang='lat' dir='ltr'>et</span> <span class='ocrx_word' id='word_1_374' title='bbox 463 3216 630 3283; x_wconf 76' lang='lat' dir='ltr'>amplitudine</span> <span class='ocrx_word' id='word_1_375' title='bbox 641 3218 689 3265; x_wconf 79' lang='lat' dir='ltr'>solt</span> <span class='ocrx_word' id='word_1_376' title='bbox 697 3218 780 3264; x_wconf 82' lang='lat' dir='ltr'>labore</span> <span class='ocrx_word' id='word_1_377' title='bbox 790 3218 945 3267; x_wconf 85' lang='lat' dir='ltr'>contendunt</span> <span class='ocrx_word' id='word_1_378' title='bbox 956 3256 962 3276; x_wconf 92' lang='lat'>,</span> <span class='ocrx_word' id='word_1_379' title='bbox 973 3232 1004 3268; x_wconf 85' lang='lat' dir='ltr'>ut</span> 
     </span>
     <span class='ocr_line' id='line_1_45' title="bbox 93 3289 1002 3368; baseline 0.003 -34"><span class='ocrx_word' id='word_1_380' title='bbox 93 3291 208 3354; x_wconf 87' lang='lat' dir='ltr'>pomaria</span> <span class='ocrx_word' id='word_1_381' title='bbox 219 3303 363 3353; x_wconf 85' lang='lat' dir='ltr'>conserant,</span> <span class='ocrx_word' id='word_1_382' title='bbox 376 3302 402 3338; x_wconf 89' lang='lat' dir='ltr'>et</span> <span class='ocrx_word' id='word_1_383' title='bbox 414 3305 484 3356; x_wconf 83' lang='lat' dir='ltr'>prata</span> <span class='ocrx_word' id='word_1_384' title='bbox 496 3302 624 3356; x_wconf 78' lang='lat' dir='ltr'>separent,</span> <span class='ocrx_word' id='word_1_385' title='bbox 638 3289 860 3368; x_wconf 57' lang='lat' dir='ltr'>ethortosrigent:</span> <span class='ocrx_word' id='word_1_386' title='bbox 871 3292 923 3338; x_wconf 82' lang='lat' dir='ltr'>sola</span> <span class='ocrx_word' id='word_1_387' title='bbox 931 3305 1002 3337; x_wconf 75' lang='lat' dir='ltr'>terrae</span> 
     </span>
    </p>
   </div>
   <div class='ocr_carea' id='block_1_4' title="bbox 96 3362 999 3440">
    <p class='ocr_par' dir='ltr' id='par_1_10' title="bbox 96 3362 999 3440">
     <span class='ocr_line' id='line_1_46' title="bbox 96 3362 999 3440; baseline 0.003 -29"><span class='ocrx_word' id='word_1_388' title='bbox 96 3375 166 3429; x_wconf 72' lang='lat' dir='ltr'>seges</span> <span class='ocrx_word' id='word_1_389' title='bbox 178 3362 332 3440; x_wconf 51' lang='lat' dir='ltr'>imperatur,</span> <span class='ocrx_word' id='word_1_390' title='bbox 341 3362 416 3417; x_wconf 72' lang='lat' dir='ltr'>Und‘e</span> <span class='ocrx_word' id='word_1_391' title='bbox 428 3380 522 3419; x_wconf 82' lang='lat' dir='ltr'>anunm</span> <span class='ocrx_word' id='word_1_392' title='bbox 531 3380 629 3430; x_wconf 73' lang='lat' dir='ltr'>qnoque</span> <span class='ocrx_word' id='word_1_393' title='bbox 643 3366 726 3430; x_wconf 83' lang='lat' dir='ltr'>ipsum</span> <span class='ocrx_word' id='word_1_394' title='bbox 737 3382 789 3416; x_wconf 83' lang='lat' dir='ltr'>non</span> <span class='ocrx_word' id='word_1_395' title='bbox 803 3383 832 3418; x_wconf 82' lang='lat' dir='ltr'>ut</span> <span class='ocrx_word' id='word_1_396' title='bbox 844 3362 948 3419; x_wconf 84' lang='lat' dir='ltr'>totidem</span> <span class='ocrx_word' id='word_1_397' title='bbox 960 3363 999 3428; x_wconf 46' lang='grc' dir='ltr'>ὥς</span> 
     </span>
    </p>
   </div>
   <div class='ocr_carea' id='block_1_5' title="bbox 0 0 1124 3817">
    <p class='ocr_par' dir='ltr' id='par_1_11' title="bbox 0 0 1124 3817">
     <span class='ocr_line' id='line_1_47' title="bbox 0 0 1124 3817; baseline 0 0"><span class='ocrx_word' id='word_1_398' title='bbox 0 0 1124 3817; x_wconf 95' lang='lat' dir='ltr'> </span> 
     </span>
    </p>
   </div>
  </div>
 </body>
</html>
