2234 3817
345 246 353 265 Ι
381 214 701 261 nrssoarsnnusrs.
720 189 759 260 rr.
973 197 1025 282 eta

114 299 218 369 lmperii
234 299 311 361 alter,
329 310 356 361 et
366 303 455 367 primis
466 303 562 352 militia
574 304 646 352 annis
656 301 724 370 apud
742 301 907 352 Germanicos
923 320 1025 371 quoqne

100 378 239 445 ¹exercitus
250 372 342 425 clarus.
381 376 503 425 bsurdum
519 378 612 436 luerit,
624 397 675 428 non
687 378 774 427 cedere
788 381 894 444 imperio
906 382 929 428 ei
938 417 945 440 ,
954 382 1026 445 cuius

111 451 197 499 filium
210 448 331 515 adoptata
389 466 485 512 essem,
501 452 522 499 si
535 454 587 517 ipse
600 448 758 518 imperarem.
771 450 889 501 Ceteritm
902 456 1026 504 internos

112 521 251 582 nunidem
266 538 445 587 prosperarum
460 523 670 590 adversarumque
683 541 767 572 rerum
781 524 990 574 ardeolarum
1004 526 1027 577 si

111 602 260 662 vincimus,
270 604 404 667 bonorem,
417 619 493 666 quem
505 603 619 667 dederis,
630 605 730 653 habebo
740 624 746 654 :
758 592 909 662 discrimen,
918 620 946 652 ac
956 604 1027 670 peri-

113 677 191 734 cula,
208 693 238 724 ex
248 692 318 740 equo
327 679 454 741 patiemur
464 694 470 725 :
482 679 560 726 immo
570 715 577 734 ,
587 689 616 727 ut
627 678 718 726 melius
728 688 781 738 est,
794 691 823 725 tu
838 677 884 725 bos
898 679 1026 726 exercitus

112 766 175 816 rege
185 768 192 815 5
204 751 268 798 mibi
287 751 402 806 bellum,
420 763 446 800 et
462 752 607 817 praliorum
626 754 722 801 incerta
738 752 818 801 trade.
833 753 938 801 Acriore
948 752 1025 802 bodie

114 821 254 889 discipliud
265 825 325 904 victi
336 861 342 882 ,
358 823 433 889 qudm
450 826 560 875 victores
573 838 652 891 agunt
665 826 728 875 :bos
739 827 776 874 ira
785 861 792 882 ,
802 825 904 887 odium,
919 826 1025 876 ultiouis

112 903 243 968 cupiditas
256 904 419 954 tid-virtutem
431 907 562 957 accendit:
576 910 614 957 illi
629 924 674 975 per
685 908 831 967 fastidium,
842 920 869 957 et
882 921 1022 958 coutuma-

110 977 179 1026 cism
189 972 341 1026 hebescunt.
349 977 454 1045 Aperiet
465 994 490 1029 et
500 979 614 1030 recludet
624 992 740 1030 contecta
754 993 780 1029 et
791 983 957 1030 tumescentia
966 982 1024 1030 sle·

106 1051 213 1101 trinium
232 1052 345 1115 partium
361 1054 465 1103 vulnera
479 1055 576 1103 bellurn
592 1056 684 1119 ipsum.
700 1056 752 1103 Nec
768 1054 832 1103 mibi
846 1055 926 1119 major
940 1057 966 1106 in
979 1056 1024 1106 tud

108 1125 257 1190 vigilantii,
273 1127 443 1190 parcimosud,
462 1128 601 1195 sapientid,
617 1128 708 1178 fiducia
725 1139 779 1190 est,
796 1128 872 1193 quim
882 1130 1023 1179 iuVitellii

107 1216 232 1273 torpore,
252 1206 365 1263 inscitia,
384 1209 487 1265 saevitiis.
507 1209 556 1258 Sed
574 1222 600 1257 et
618 1211 751 1260 meliorem
770 1212 795 1259 iu
814 1210 883 1259 bello
903 1228 1020 1275 causam,

109 1279 221 1345 quanin
231 1295 290 1344 pace
299 1279 421 1332 habemus
431 1301 437 1331 τ
448 1301 507 1332 nam
517 1285 562 1348 qui
574 1283 729 1343 deliberant,
741 1284 933 1335 desciverunt-a

133 1352 291 1402 -Lxxvnt-
307 1355 368 1403 Post
387 1355 498 1406 Muciani
510 1359 652 1407 orationem
666 1359 744 1407 ceteri
758 1357 891 1407 audentius
907 1359 1020 1407 circum-

112 1425 218 1489 sistere,
232 1427 342 1488 hortari,
354 1446 369 1477 (r
378 1446 497 1495 respousa
511 1445 612 1492 vatum,
626 1446 652 1481 et
663 1431 773 1482 siderum
783 1444 869 1481 motus
885 1449 900 1480 u
915 1429 1020 1481 referre.

109 1498 166 1549 Nec
176 1512 226 1549 erat
232 1504 340 1550 intactus
351 1505 394 1552 tali
404 1506 601 1570 superstitione,
611 1509 694 1571 utqui
704 1524 776 1567 mox,
787 1522 873 1556 rerum
883 1505 1004 1555 dominus
1014 1543 1022 1564 ,

107 1579 240 1631 Seleucum
250 1581 387 1645 quemdam
396 1586 604 1647 mathematicum
613 1625 620 1648 ,
630 1601 754 1637 rectorem
762 1587 928 1653 etprascium
935 1588 1020 1651 palam

73 1688 79 1691 ,
108 1651 238 1704 babuerit.
255 1658 431 1708 Recurssbant
444 1661 529 1708 animo
542 1674 627 1712 vetera
639 1661 725 1711 omina
736 1667 890 1728 :cupressus
901 1660 976 1708 arbor
992 1661 1021 1706 in
1040 1704 1042 1711 ,

108 1730 177 1792 agris
191 1729 243 1790 ejus
253 1765 261 1789 ,
273 1734 409 1797 conspicua
422 1732 556 1783 altitudine
562 1771 575 1797 ‚.
588 1735 692 1801 repente
705 1735 863 1802 prociderat,
877 1749 906 1781 sc
917 1731 1020 1797 posteri

112 1801 170 1863 die,
180 1802 270 1852 eodem
284 1805 391 1868 vestigio
401 1822 534 1870 resurgens
542 1843 549 1866 ,
558 1825 663 1871 procera
675 1820 700 1857 et
712 1810 787 1857 latior
796 1808 909 1856 virebat:
923 1805 1019 1871 grande

110 1875 154 1937 id,
174 1892 390 1942 prosperumque,
412 1893 535 1927 consensu
553 1878 715 1942 haruspicum
726 1897 732 1925 :
743 1891 769 1927 et
783 1895 881 1927 summa
894 1878 1019 1929 claritudo

105 1948 196 2014 juveni
210 1949 346 2000 admodum
362 1952 518 2015 Vespasiano
535 1951 668 2014 promissa.
682 1951 731 1999 Sed
741 1940 832 2017 prirub'
839 1950 1017 2017 triumphalia,

109 2041 137 2078 et
153 2028 306 2093 consulatus,
323 2043 350 2079 et
358 2028 467 2080 Iudaicas
478 2030 590 2077 victorie
602 2027 693 2085 decus.
706 2030 824 2093 implesse
836 2029 911 2077 fidem
922 2031 1016 2079 ominis

107 2101 261 2151 videbantur
272 2121 278 2151 ε
291 2114 320 2153 ut
329 2102 381 2152 bac
397 2103 503 2169 adeptus
515 2114 566 2162 est,
577 2103 696 2168 portendi
710 2104 758 2152 sibi
770 2104 905 2168 imperium
920 2101 1013 2152 crede·

106 2176 163 2227 bat.
172 2177 217 2226 Est
228 2176 339 2226 Judaeum
347 2179 414 2226 inter
423 2177 573 2240 Syriamque
583 2175 715 2224 Carmelus
720 2210 728 2233 ,
739 2176 774 2224 ita
783 2185 875 2225 vocant
884 2187 1013 2239 montem,

108 2249 234 2314 deumque
244 2270 251 2299 ε
264 2268 311 2299 nec
323 2251 485 2300 simulacrum
495 2249 557 2311 deo,
571 2260 614 2297 aut
624 2249 763 2315 templum
776 2252 812 2300 sic
824 2248 949 2298 tradidere
958 2266 1014 2299 ma-

103 2321 174 2389 jores
183 2340 190 2371 ε
199 2339 239 2372 ara
245 2314 346 2373 tantiam
352 2337 377 2374 et
385 2323 537 2373 reverentia.
548 2322 602 2370 Illic
609 2314 758 2372 sacrificanti
765 2323 928 2390 Vespasiano,
935 2339 1015 2390 quum

108 2413 166 2464 spes
176 2399 288 2448 occultas
300 2411 411 2448 versaret
421 2399 522 2460 animo,
533 2395 659 2447 Basilides
670 2398 800 2461 sacerdos,
811 2400 931 2466 inspectis
941 2399 1018 2450 iden-

112 2471 192 2520 tidem
200 2473 278 2531 extis,
290 2472 442 2538 «Quidquid
454 2484 523 2533 estu,
536 2472 635 2536 inquit,
649 2488 663 2519 n
670 2464 839 2538 vespasiana,
849 2473 918 2537 qnod
928 2491 1017 2540 paras,

111 2570 155 2602 seu
166 2554 272 2603 domurn
286 2566 427 2619 exstruere,
440 2570 484 2603 sen
496 2554 623 2621 prolatare
633 2569 720 2618 agros,
732 2555 785 2604 sive
796 2553 918 2620 ampliare
933 2556 1016 2604 serri-

109 2628 162 2689 tia;
182 2627 257 2676 datur
274 2627 322 2675 tibi
333 2643 422 2694 magna
439 2628 510 2677 sedes
520 2629 659 2690 ‚ingentes
668 2628 783 2686 termini,
801 2620 912 2673 multum
928 2625 1016 2675 bomi-

109 2716 175 2748 num
183 2717 210 2747 u.
222 2699 274 2749 Has
282 2701 395 2768 ambages
407 2712 434 2750 et
442 2702 527 2749 statim
537 2710 668 2762 exceperas
676 2697 753 2756 fama,
762 2709 788 2745 et
799 2711 860 2746 tnnc
868 2699 1015 2764 aperiebat:

108 2770 305 2836 necquidquam
319 2776 397 2840 magis
408 2776 432 2822 in
445 2789 489 2839 ore
499 2771 585 2834 vulgi:
600 2768 740 2819 crebriores
748 2768 816 2835 apud
824 2772 907 2836 ipsum
917 2788 1016 2823 sermo·

107 2858 169 2906 nes;
179 2843 275 2908 quantd
286 2847 444 2923 speranpibus
452 2845 525 2910 plura
535 2840 663 2895 dicuntur.

139 2916 265 2967 LXXlX.
277 2918 355 2967 Haud
365 2917 442 2969 dubia
451 2917 620 2965 destinatione
628 2913 773 2975 discenda,
780 2914 913 2964 Mucianus
921 2915 1014 2968 Antro-
1068 2924 1071 2929 '

105 2997 206 3056 obiam,
217 2998 388 3064 Vespasianus
396 3000 549 3048 Caaaream:
561 2996 603 3043 illa
614 2996 704 3061 Syriae,
716 2994 767 3047 baec
778 2996 792 3044 J
794 2995 867 3045 udaeae
877 3012 953 3064 capnt
963 3003 1012 3051 eat.

105 3071 211 3121 Initium
228 3069 326 3120 ferendi
345 3072 377 3120 ad
396 3071 579 3136 Vespasianum
598 3068 700 3138 imperii
715 3069 870 3119 Alexandria
887 3086 997 3138 coeptum
1003 3108 1012 3131 ,

106 3145 241 3194 festinante
248 3145 353 3195 Tiberio
362 3144 521 3201 Alexandro,
532 3144 576 3206 qui
584 3140 706 3191 Kalendis
715 3143 789 3191 Juliis
798 3157 953 3194 sacramento
960 3136 1015 3210 ejus
1077 3140 1081 3143 ¹

87 3209 97 3219 ’
105 3218 218 3285 legiones
229 3217 321 3284 adegit.
337 3219 412 3283 Isque
423 3220 520 3283 primns
534 3213 690 3282 principattla
701 3216 755 3286 dies
769 3218 933 3284 inposterum
947 3221 1015 3267 cele·

105 3291 211 3348 bratus,
227 3293 347 3357 qusmvis
366 3290 486 3341 iudaicus
501 3291 627 3338 exercitus
645 3290 734 3353 quinto
751 3288 839 3340 Nonas
854 3292 931 3339 Julius
946 3291 1016 3356 apud

89 3407 94 3415 .
104 3367 190 3430 ipsum
198 3365 318 3432 iurasset,
329 3385 360 3417 eo
370 3366 473 3426 ardore,
481 3376 508 3413 nt
516 3362 626 3414 ne'l'itus
634 3360 735 3428 quideni
744 3364 809 3413 filius
818 3366 1015 3428 exspectaretur,

101 3434 304 3504 Syrilremeaus,
312 3438 583 3506 etennsilicrumiuter
596 3436 779 3503 Mucianumac
785 3448 883 3503 patrem
890 3433 1010 3487 nuntius:

812 3506 866 3567 Qu
