2234 3817
123 126 172 194 ³9²
251 124 253 131 ⁴
439 133 464 173 e.
483 134 579 172 conr.
592 110 717 177 ''ritcrn

154 215 595 283 mv1.srvueruus,p=0rect0
608 216 720 275 cerins,
734 230 810 283 quum
817 217 928 269 Fabium
936 219 1041 272 Valen-

124 307 178 347 tem
188 336 195 356 ,
206 295 293 362 paucis
304 294 362 363 pbst
375 291 479 357 diebus,
492 292 525 342 ad
532 293 629 342 bellum
639 293 798 359 impulisset,
809 296 876 345 curis
883 273 983 345 luxunb
993 297 1041 346 ob·

126 369 263 420 tendebat:
275 386 326 420 uon
340 384 429 436 parare
439 386 509 419 arma
519 406 526 426 ,
538 383 591 418 non
605 367 725 432 adloquio
737 369 908 436 exercitioque
924 371 1041 419 militem

124 432 243 503 firma'le,
255 459 307 492 non
318 443 343 491 in
353 457 400 492 ore
409 442 479 507 vulgi
491 457 578 507 agere:
591 441 634 490 sed
647 434 802 491 umbraculis
813 441 953 492 borsetum
965 442 1041 492 ebdi·

126 527 183 574 tus,
198 528 230 568 ut
244 519 332 585 ignave
350 516 467 565 animulis
478 552 485 574 ,
498 517 591 581 quibus
601 517 622 565 si
633 515 719 564 cibum
731 531 852 582 suggeres
859 551 867 577 ,
880 515 970 580 jacent
985 529 1040 566 tor·

125 603 251 659 pemque,
265 592 405 659 preterita,
416 591 536 659 instantia
546 627 553 650 ,
570 590 670 650 lutura,
681 592 735 656 pari
746 591 876 640 oblivione
893 591 1037 639 dimiserat.

127 664 211 729 Atque
224 664 313 721 illum,
327 668 353 714 iu
362 679 468 714 nemore
482 665 589 715 Aricino
601 664 714 713 desidem
725 675 750 713 et
761 659 933 725 marcentem,
945 662 1038 730 prodi·

127 739 164 787 tio
184 735 278 786 Lucilii
295 738 382 800 Bessi,
398 744 426 787 a‘c
443 735 551 787 delectio
570 738 658 787 classis
675 737 829 786 Ravennatis
846 737 963 805 perculit.
980 737 1039 786 Nec
1077 784 1081 789 .

126 802 210 852 multd
218 803 278 869 pbst
285 802 317 852 ‹le
326 802 424 854 Ceciod
433 801 547 852 adfertur
556 804 652 852 mixtus
660 802 751 869 gaudio
758 803 832 852 dolor
841 821 847 850 :
855 810 880 852 et
889 802 1037 860 descivisse,

127 887 154 926 et
165 877 197 925 ab
214 878 329 926 exercitu
347 878 479 926 vinctum:
497 878 554 943 plus
567 877 634 944 opud
653 877 787 927 socordem
803 879 917 927 animum
932 877 1037 939 letitia,

128 948 204 1014 quim
221 965 282 1000 curs
293 950 389 1000 valuit:
405 950 486 1000 mutia
498 968 557 1000 curn
572 951 742 1001 exsultatione
755 953 781 1000 in
799 952 890 1001 urbem
902 960 1037 1012 revectus,

126 1021 258 1089 frequenti
278 1023 418 1083 concione,
442 1025 584 1091 «piantem
609 1025 744 1074 militumr
769 1023 887 1075 lendibus
911 1024 1036 1073 cumulat.
1099 1052 1100 1073 l

128 1095 179 1145 «P.
192 1097 323 1156 Sabinum,
331 1097 443 1163 pretorii
451 1097 596 1163 prefectum
604 1133 611 1155 ,
620 1097 653 1145 ob
661 1098 799 1146 amicitiam
804 1098 918 1160 Caecinae,
927 1095 1038 1145 vinciris
1098 1092 1100 1111 ‘

128 1167 214 1234 jubet,
226 1171 398 1219 subetitutoiu
410 1170 495 1218 locum
508 1169 562 1233 ejus
570 1168 688 1238 Alpheno
698 1171 779 1222 varo.

162 1242 305 1295 xxxvii.
320 1244 382 1293 Mox
398 1256 528 1310 senatum,
547 1243 691 1309 compositi
702 1245 728 1294 in
745 1243 960 1310 magnificentiam
978 1257 1038 1292 ora·
1101 1266 1102 1279 π

130 1315 218 1379 tione,
231 1316 380 1379 adlocutus,
391 1319 521 1382 exquisitis
532 1329 635 1384 petrum
646 1317 834 1368 adulationibus
845 1317 980 1366 attollitur.
987 1312 1039 1365 lni-

133 1390 199 1439 tium
214 1392 306 1442 atrocis
322 1393 348 1441 iu
363 1394 488 1441 Caecinam
506 1393 636 1442 sententie
649 1391 663 1441 l
681 1392 716 1441 L:
727 1393 836 1459 Vitellio
851 1391 964 1442 lactum:
979 1387 1037 1437 dein

131 1465 224 1525 ceteri,
233 1463 376 1531 composita
387 1465 560 1531 indignatione
569 1503 575 1524 ,
587 1460 774 1529 «qubdconsul
784 1464 978 1531 rempublicam,
987 1462 1039 1511 dut

132 1534 326 1602 imperatorem,
337 1540 416 1588 tentis
430 1542 537 1606 opibus,
555 1553 596 1590 rot
606 1539 745 1589 honoribus
757 1540 917 1597 cumuletur,
928 1537 1038 1586 amicum

124 1609 321 1674 prodidisset»,
339 1612 410 1662 velut
426 1629 473 1678 pro
492 1614 596 1662 Vitellio
614 1624 811 1676 conquerentes,
829 1628 907 1661 suum
923 1610 1041 1660 dolorem

132 1681 305 1748 proferebant.
320 1685 398 1736 Nulla
411 1687 436 1734 iu
450 1685 563 1732 oratione
573 1684 721 1745 cujusquam
738 1700 795 1748 erge
810 1681 947 1733 Flavianos
964 1680 1042 1730 duces

134 1756 301 1809 obtrectatio:
315 1775 445 1809 nerrorem
451 1754 696 1825 imprudentiamque
704 1754 884 1805 exercituum»
893 1754 1045 1819 culpantes,

132 1828 285 1898 ‚Vespasiani
293 1848 387 1884 nomeu
396 1833 510 1899 suspensi
520 1840 547 1880 et
554 1828 687 1878 vitabundi
696 1828 872 1878 circumibunt.
878 1827 934 1879 Nec
945 1825 1046 1885 deiuit,

133 1905 266 1972 qutunun
275 1908 422 1960 consulatus
431 1905 759 1975 diemlisenim,inlccum
768 1900 1042 1968 Cecice‚supererat)
1106 1966 1107 1971 1

135 1974 300 2049 mapno'cum
308 1987 383 2035 irrisu
395 1985 531 2036 tribuentis
540 1982 749 2050 accipientisque,
760 1980 947 2030 eblandiretur:
960 1975 1043 2044 pridie

135 2053 265 2106 Kalendas
275 2057 429 2108 Novembris
439 2059 531 2108 Rosius
543 2057 655 2122 uegetos
666 2057 739 2117 iniit,
748 2053 915 2120 eiuraritqne.
926 2051 1042 2102 Adnota-

135 2125 198 2177 bant
211 2128 302 2194 periti,
315 2147 466 2194 «nunquam
483 2141 574 2189 anteo,
586 2145 638 2178 sion
654 2130 775 2196 abrogato
784 2129 948 2197 magistratu,
962 2135 1043 2190 neque

136 2201 193 2265 lege
207 2202 271 2263 lati,
286 2203 363 2251 alium
375 2201 545 2252 suffectumn:
556 2220 621 2253 uam
633 2204 723 2253 consul
736 2219 787 2253 uno
797 2202 837 2252 die
853 2215 878 2252 et
896 2200 952 2252 anti
963 2199 1045 2255 luerat

134 2273 257 2333 ¹(liminius
266 2272 372 2324 Rebilus
373 2309 385 2345 ρ
399 2276 430 2325 (l.
441 2276 536 2327 Cerere
546 2277 685 2344 dictatore,
696 2295 775 2345 quum
786 2277 849 2328 belli
857 2276 939 2328 civilis
946 2279 1045 2344 praemis

136 2350 320 2403 destinarentur.
791 2350 793 2353 ’

170 2418 321 2470 xxxvut
328 2417 397 2468 Nota
406 2434 452 2485 per
460 2436 504 2470 eos
513 2420 568 2469 dies
579 2422 649 2470 Iunii
658 2423 731 2472 Blaesi
742 2440 826 2485 mors,
839 2439 866 2476 ec
875 2426 974 2478 famosa
982 2429 1045 2496 lnit3

139 2492 171 2544 de
183 2490 232 2558 qul
243 2493 280 2543 sic
291 2494 442 2559 occepimus.
454 2492 532 2543 Gravi
544 2494 658 2559 corporis
670 2496 763 2545 morbo
774 2513 839 2564 eger
847 2499 981 2562 Vitellius,
990 2504 1047 2553 Ser·

98 2610 102 2613 .
141 2567 242 2617 riliauis
249 2565 339 2628 hortis,
350 2565 451 2630 turrim,
460 2567 544 2629 ricino
556 2567 642 2626 sitem,
651 2567 778 2620 collucere
787 2585 946 2637 pernoctem
956 2576 1064 2630 crebris.

141 2639 284 2690 luminibus
300 2638 487 2691 animadvertit.
505 2639 651 2690 Sciscitanti
671 2656 793 2704 causam,
815 2646 910 2712 (repud
925 2648 1047 2699 cecinam

90 2738 93 2747 ¹
143 2716 256 2766 Tuscum
267 2716 366 2784 epulari
380 2715 491 2775 multos,
502 2716 657 2784 precipuum
672 2713 772 2768 bonore
784 2719 891 2769 iunium
901 2722 1029 2773 Blaeeumn
1040 2757 1048 2781 ,

144 2791 279 2842 nuntietur
289 2810 295 2841 r
306 2804 389 2860 cetere
399 2792 426 2841 iu
436 2790 530 2853 maius,
540 2789 572 2839 de
583 2807 598 2840 c
607 2804 742 2858 apparatu,
753 2804 779 2842 et
789 2794 877 2844 solutis
886 2795 910 2843 in
919 2793 1049 2847 lasciviam

146 2865 262 2915 animis»
274 2881 280 2913 r
292 2881 339 2914 nec
348 2862 465 2930 deluere,
476 2863 519 2929 qui
528 2863 612 2930 ipsum
619 2864 745 2927 Tuscum,
755 2878 783 2916 ct
791 2869 867 2925 alios,
876 2863 920 2913 sed
928 2868 1052 2920 crimino-

147 2934 199 2984 ribs
206 2936 316 2986 Blaerum
323 2939 475 2999 incusarent,
484 2935 580 3001 cqubd,
590 2939 784 3005 egropriusipc,
794 2941 862 2988 letos
870 2936 922 2984 diet
929 2953 1051 3004 ageret».

149 3006 202 3057 Ubi
210 3020 353 3072 asperstnm
363 3012 496 3062 Vitellium
505 3046 515 3070 ,
524 3020 550 3058 et
560 3025 634 3075 posse
640 3010 748 3061 Blesum
758 3008 884 3078 perverti,
897 3012 959 3059 tatis
967 3018 1052 3083 patuit

150 3083 195 3140 iis,
207 3081 251 3145 qui
261 3083 404 3151 principum
416 3085 522 3135 offensas
536 3085 628 3134 acriter
639 3085 812 3150 speculantur,
828 3084 890 3135 data
900 3086 933 3138 L.
942 3089 1050 3144 Vitellio

149 3153 381 3221 delationispartes.
389 3156 900 3226 ule,infensusutaesoaemuutioneprava,
908 3162 1051 3228 quddeuns,

150 3226 220 3275 omni
228 3226 350 3280 dedecore
359 3233 529 3292 maculosum,
539 3229 637 3297 egregia
648 3231 840 3299 lamiumteibat,
848 3236 996 3287 cubiculum
1006 3239 1051 3288 im·

151 3300 274 3364 mentoris
281 3315 384 3362 reserat,
389 3305 468 3353 filium
477 3305 530 3369 eins
538 3305 596 3354 sinu
605 3306 762 3371 complexus,
773 3308 912 3372 etgeuibus
921 3309 1049 3359 accidens:

149 3384 250 3422 sautum
260 3371 416 3429 confusionis
427 3378 562 3453 querenti²
574 3393 650 3428 sucu
659 3393 685 3428 se
694 3377 795 3446 proprio
804 3390 877 3433 metu
882 3415 891 3447 ,
900 3382 997 3439 uecsul
1007 3398 1051 3434 en.
