2234 3817
303 105 308 110 “
368 108 550 153 trratrrrr
569 105 720 161 ernstii.
968 118 1003 191 69

86 203 148 239 rum
158 183 282 238 comitatu
295 179 434 246 Plancina,
447 200 473 237 et
482 190 553 239 vultu
565 192 658 241 alacres
668 194 801 247 incessere.
811 197 871 251 Fuit
888 199 954 254 inter
966 206 1003 254 ir-

88 266 223 313 ritamenta
239 263 345 313 invidiae
362 261 455 311 donrus
470 262 527 312 soro
543 265 692 334 imminens,
708 267 771 336 festa
787 286 892 337 ornatu,
911 273 1002 330 convi-

88 339 207 402 viumque
214 374 223 401 ,
238 349 265 386 et
278 327 374 403 epnlae,
385 348 411 385 et
420 372 427 393 ,
436 338 582 389 celebritate
593 343 656 401 loci,
669 343 734 393 nibil
742 350 880 400 occultum.

92 461 96 470 p
118 412 153 460 X.
170 412 277 460 Posteri
289 411 331 459 die
343 410 473 460 Fulcinius
483 412 544 461 Trio
554 415 672 465 Pisonem
683 420 750 484 apud
759 426 876 474 eonsules
887 429 1003 492 postula·

89 487 141 536 vit:
155 487 247 534 contria
258 485 395 545 Vitellius,
413 501 441 533 ac
453 485 593 547 Veranius,
610 493 749 556 ceterique,
762 496 941 551 Germanicum
955 519 1003 552 co·

89 560 189 620 mm,
201 556 356 615 tendebant,
368 554 383 605 r(
393 558 475 607 nullas
492 575 546 609 esse
555 573 640 626 partes
653 565 741 613 Trioni
752 585 760 633 3
772 585 852 633 neque
860 589 887 621 se
896 590 1002 626 aecusa-

89 629 315 688 tores‚sedrerurn
324 630 821 691 indicesettestes‚mandataGermanioi
829 649 1001 710 perlaturos».

89 702 141 752 Ille
157 702 260 751 dimissi
271 703 325 767 ejus
340 720 419 752 causae
436 703 577 765 delatione,
589 717 621 757 ut
627 713 744 773 priorem
758 716 845 766 viram
859 730 1004 775 accusaret

6 795 8 844 ᾗ
90 765 227 826 obtinuit:
243 779 397 841 petitumque
408 779 474 828 estis
489 781 623 845 principe,
644 788 828 858 cognitionem
849 797 1002 860 exciperet,-

6 859 10 870 .
92 852 165 917 quod
173 869 206 900 „e
217 867 273 899 reus
282 851 383 914 quidem
391 852 530 913 abnuebat,
540 852 624 902 studia
634 856 722 922 populi
730 872 757 907 et
765 873 865 927 patrum
873 880 1000 921 metuens:

90 924 194 987 contri,
209 943 224 975 n
238 926 367 975 Tiberium
381 927 530 992 spernendis
538 929 686 978 rumoribus
696 933 823 995 validum,
836 951 862 988 et
871 945 1002 994 conscien-

93 1002 129 1063 ,ia
137 1001 230 1049 matris
241 1001 362 1048 innexum
370 1015 425 1051 esse
437 1020 443 1051 :
456 1013 579 1066 veraque,
590 1016 634 1052 ant
646 1005 672 1052 in
683 1004 795 1058 deterius
804 1013 907 1076 credita,
918 1017 1001 1078 judice

91 1075 122 1123 ab
130 1091 182 1123 uno
194 1071 297 1122 facilius
309 1072 432 1123 discerni:
444 1074 534 1125 odium
541 1086 567 1124 et
576 1075 697 1126 invidiam
705 1080 772 1145 apud
782 1085 876 1134 multos
885 1089 1001 1149 valeret,

7 1137 14 1148 ’
89 1146 164 1197 Haud
172 1143 278 1196 fallebat
288 1147 420 1197 Tiberium
432 1149 514 1201 moles
523 1147 688 1212 cognitionis,
698 1152 795 1218 quaque
807 1156 861 1221 ipse
872 1158 936 1210 lami
949 1164 1001 1216 dis.

91 1219 246 1269 traheretur.
258 1220 355 1284 Igitur,
367 1223 452 1286 paucis
463 1222 627 1269 familiarium
637 1222 771 1287 adhibitis,
783 1231 865 1278 minas
878 1250 1002 1289 accusan-

91 1294 176 1349 tium,
190 1291 286 1342 ethius
296 1310 380 1360 preces
391 1296 476 1364 audit,
489 1297 663 1363 integramque
673 1314 775 1350 eausam
790 1303 823 1356 ad
832 1320 947 1359 senatum
955 1329 1001 1365 re-

93 1368 188 1418 mittit.

127 1441 177 1495 xl.
187 1505 190 1512 ⁴
200 1443 283 1509 Atque
295 1446 395 1498 interim
408 1445 504 1498 Drusm
517 1447 618 1498 rediens
631 1448 749 1516 illyrico,
762 1467 903 1521 quanquam
916 1473 1001 1529 patres

90 1516 268 1578 censuissent,
289 1521 344 1570 nob
361 1534 491 1590 receptum
505 1520 709 1586 Maroboduum,
726 1536 751 1574 et
764 1542 804 1577 res
819 1530 901 1594 priore
918 1549 1001 1586 astate

8 1609 9 1632 ι
87 1602 184 1657 gestas,
197 1602 226 1638 ut
239 1609 314 1642 orans
324 1595 420 1644 iniret»
428 1632 435 1654 ,
444 1596 544 1663 prolato
553 1593 650 1644 honore
660 1598 748 1648 urbem
756 1599 868 1654 intravit.
879 1607 940 1658 Post
947 1627 1002 1673 qun

88 1680 150 1723 reo,
165 1683 181 1712 o
191 1664 225 1713 T.
238 1664 401 1726 Arruntium,
416 1669 449 1717 T.
462 1667 605 1726 Vinicium,
621 1669 738 1720 Asinium
756 1671 874 1734 Gallum,
887 1682 1002 1730 AEsemi.

89 1755 150 1788 num
158 1739 321 1797 Marcellum,
329 1741 389 1790 Sex.
396 1742 545 1810 Pompeium
552 1755 691 1808 patronos»
702 1750 806 1810 petenti,
817 1749 896 1815 iisque
904 1753 1002 1809 diversa

90 1814 289 1872 excusantibus,
301 1814 340 1864 M.
353 1812 464 1882 Lepidus
471 1850 478 1874 ,
489 1826 515 1864 et
526 1814 557 1865 L.
570 1816 643 1880 Piso,
655 1831 680 1866 et
691 1819 819 1872 Livineius
829 1825 941 1891 Regulus
954 1831 1002 1879 ad-

92 1883 176 1946 suere,
196 1888 296 1938 arrecti
309 1891 379 1939 omni
399 1891 516 1954 civitate,
530 1902 648 1955 «quanta
662 1893 724 1942 fides
739 1898 825 1946 amieis
841 1900 1001 1967 Germanici,

92 1974 151 2022 qun
160 1958 253 2007 fidncia
259 1977 317 2010 reo:
327 1959 571 2012 satin’cohiberetae
577 1982 621 2028 pre
627 1979 707 2014 meret
715 1986 802 2017 sensus
808 1988 867 2020 suos
873 1973 1002 2040 Tiberius,

92 2048 126 2080 an
138 2044 271 2096 promeret
278 2050 295 2083 u
306 2054 312 2083 :
322 2036 352 2082 iis
363 2036 427 2085 band
440 2037 502 2087 alias
510 2038 633 2086 intentior
642 2041 762 2103 populus‚
772 2044 830 2105 plus
841 2045 888 2092 sibi
897 2048 922 2095 in
931 2051 1003 2115 prin.

92 2104 181 2171 cipetn
193 2107 300 2155 occulte
312 2109 392 2166 vocis,
403 2122 445 2160 aut
456 2101 595 2176 suspicacis
605 2109 699 2160 silentii
707 2114 831 2178 permisit.

126 2178 192 2228 XII.
210 2178 259 2228 Die
270 2183 370 2232 senatuis
382 2185 460 2234 Caesar
476 2184 618 2235 orationem
631 2182 719 2234 babuit
733 2187 857 2238 meditato
873 2202 1002 2263 tempera-

92 2264 199 2301 mento:
212 2254 315 2304 «Patris
327 2258 366 2304 sni
376 2257 488 2321 legatum
499 2269 574 2320 atque
590 2258 699 2307 amicum
711 2260 830 2312 Pisonem
842 2264 935 2329 fnisse,
951 2272 1001 2320 ad·
1074 2297 1077 2302 ·

7 2367 8 2370 ,
90 2324 252 2391 jutorernque
267 2329 418 2379 Germanico
430 2330 517 2379 datum
532 2330 601 2392 ise,
617 2345 718 2382 anctore
730 2350 835 2400 senatu,
849 2343 923 2393 rebus
932 2345 1001 2411 apud

91 2400 221 2451 Orientem
232 2402 438 2452 administrandis
451 2423 458 2453 t
469 2405 522 2454 illic
531 2409 689 2458 contumacii
698 2421 724 2458 et
734 2415 913 2465 certaminibus
925 2436 1000 2484 aspe-

91 2472 168 2523 tlsset
179 2475 301 2540 juvenem
311 2516 318 2535 ,
330 2481 451 2543 exituque
460 2478 513 2541 eius
522 2481 620 2530 laetatus
629 2495 706 2545 esset,
719 2501 750 2531 an
762 2488 855 2535 scelere
865 2494 1001 2539 exstinxis-

91 2560 138 2611 set,
148 2549 358 2615 integtisanimis
370 2554 567 2619 dijudicandum.
578 2558 644 2606 Nam
652 2559 674 2606 si
682 2559 779 2621 legatus
789 2561 863 2606 officii
872 2565 1002 2625 terminos,

92 2620 249 2684 obsequium
260 2641 316 2692 erga
324 2628 503 2694 imperatorem
513 2631 611 2687 exsuit,
622 2629 785 2693 eiusdemque
792 2643 887 2692 morte,
898 2647 923 2684 et
931 2637 1003 2686 luctet

93 2707 155 2741 meo
170 2694 269 2746 laetatus
282 2702 433 2768 est,odero,
453 2716 624 2767 seponamque
638 2695 652 2767 ii
666 2697 744 2746 domo
760 2703 830 2764 med,
849 2715 874 2751 et
890 2711 1003 2772 privatas

92 2765 256 2829 inimicitias,
276 2787 325 2820 non
340 2775 460 2840 principis
477 2774 595 2822 ulciscar.
611 2772 652 2819 Sin
669 2772 764 2821 facinus
780 2775 806 2821 iu
823 2776 1002 2847 cuiuscumque

90 2840 240 2889 mortalium
253 2860 313 2893 nece
328 2847 510 2897 vindicandum
519 2846 661 2913 detegitrir'3
672 2847 789 2912 vosverb
804 2859 829 2896 et
842 2851 933 2902 liberos
943 2855 1002 2906 Ger·

88 2913 197 2977 manici,
213 2928 239 2963 et
248 2934 296 2978 nos
305 2934 423 2984 parentes
432 2921 506 2986 justis
515 2921 611 2969 solatiis
622 2921 721 2970 adficite
732 2941 738 2968 τ
750 2923 874 2987 simulque
884 2925 946 2976 illud
957 2947 1001 2981 re·
1020 2935 1023 2938 ’

89 2996 185 3050 putate,
197 2988 300 3037 turbide
310 3004 336 3041 et
344 2992 465 3041 seditiose
474 2994 618 3041 tractaverit
627 2991 752 3043 exereitus
761 2997 832 3057 Pis05
842 3002 941 3062 quaesita
951 3006 1001 3055 sint

88 3049 133 3123 per
144 3062 313 3115 ambitionem
323 3068 409 3116 studia
418 3067 539 3131 militum3
549 3070 624 3117 armis
633 3070 738 3142 repetita
747 3074 876 3135 provincia
886 3115 888 3122 ,
900 3094 931 3124 an
939 3078 1001 3129 falsa

88 3130 139 3181 lice
151 3136 178 3183 in
190 3138 273 3202 majus
281 3139 445 3205 vulgaverint
453 3153 610 3189 accusatores
621 3161 627 3190 z
637 3160 743 3206 quorum
757 3162 803 3209 ego
814 3147 898 3195 nimiis
910 3148 1000 3204 studiis

87 3203 141 3269 jure
157 3224 305 3260 succensere.
320 3214 388 3262 Nom
406 3212 457 3277 qud
475 3216 599 3277 pertinuit
612 3214 708 3262 nudare
721 3231 826 3281 eorpus,
843 3230 869 3265 et
881 3230 1011 3273 contree-.

89 3279 194 3330 tandum
212 3284 284 3349 vulgi
300 3287 384 3335 oeulis
393 3289 555 3353 permittere,
572 3287 711 3351 differrique
724 3291 798 3337 etiam
813 3306 858 3355 per
869 3304 1001 3355 externos,

90 3358 209 3418 Unquam
224 3373 326 3424 veneno
335 3359 490 3429 interceptus
499 3373 579 3425 esset,
591 3362 613 3411 ti
624 3364 718 3412 ineerta
731 3361 813 3411 adhuc
824 3361 873 3410 ista
884 3375 910 3410 et
925 3377 999 3423 serm„
