2234 3817
383 21 390 42 t
470 33 472 40 r

335 154 518 226 turtttrsr
535 169 599 229 tre.
618 195 683 230 xvr.
893 177 959 238 -265
1017 200 1022 204 ’

52 284 107 335 guo
117 308 124 329 ,
133 268 302 318 adventabat:
313 282 342 316 ut
353 270 384 316 ad
396 282 496 319 externa
508 275 652 321 rumoribus
663 274 806 323 intestinum
820 277 900 325 scelus
911 277 962 327 ob-

54 352 214 408 scuraretur,
228 361 260 392 au
271 380 277 400 ,
288 349 320 391 rit
329 345 528 407 magnitudinem
540 348 728 412 imperatoriam
740 349 806 397 cade
824 351 961 415 insignium

51 416 166 464 virorum
178 454 183 470 ,
196 417 267 480 quasi
278 416 346 478 regio
357 415 484 474 facinore,
495 431 641 468 ostentaret.

86 488 188 551 XXIV.
203 490 285 553 Igitur
296 490 365 536 omni
379 488 482 538 civitate
495 492 525 539 ad
535 485 712 556 esclpiendrrrn
722 491 874 560 principem,
885 510 960 561 spec-

51 563 211 628 tandumque
220 578 321 626 regem,
334 560 409 610 effusi
419 599 425 618 ‚
435 563 543 612 Thrasea
553 602 559 621 ,
571 581 676 613 occursu
685 565 827 630 prohibitus
837 602 843 623 ,
854 573 904 615 riou
914 569 960 615 de·
980 596 983 599 ·

52 639 125 685 misit
136 639 247 682 animum
260 655 265 683 :
278 635 322 683 sed
336 634 465 684 codicillos
476 637 507 683 ad
517 638 646 687 Neronem
658 638 800 703 composuit
812 675 817 694 ‚
830 641 959 704 requirent

55 709 175 773 «obieeta
185 746 190 768 ‚
201 718 227 756 et
238 720 436 774 expurgaturum
448 704 590 758 asseverans
601 748 607 767 ‚
617 713 638 759 si
648 713 763 761 notitiam
773 712 922 772 criminum,
933 726 961 763 et

54 782 157 846 copiam
168 781 283 830 diluendi
291 781 420 829 habuisset
427 798 452 831 n.
461 784 512 830 Eos
526 782 657 832 codicillos
665 773 735 832 Nero
744 797 907 849 properanter
915 802 961 834 ae-

53 855 137 919 cepit,
148 871 191 920 spe
197 890 204 916 ‚
212 855 360 904 exterritum
366 854 502 903 Thraseam
513 856 639 921 scripsisse
651 892 658 912 ‚
668 871 712 920 per
721 870 773 920 quae
782 857 960 908 claritudinem

52 928 176 997 principis
187 928 319 976 extolleret
328 964 335 985 ,
344 945 464 992 suamque
475 926 568 976 hamam
577 926 849 994 ‹lehonestaret.Quod
858 931 960 978 nbinon

42 1002 140 1049 'evenit
149 1038 156 1058 ,
164 1003 327 1064 vultumque,
339 1012 364 1048 et
373 1002 477 1065 spiritus
489 1036 496 1057 ,
506 1012 533 1048 et
542 1001 685 1048 libertatem
697 1001 802 1048 insontis
812 1002 879 1051 ultrb
891 1006 962 1051 exti-

54 1076 133 1132 muit,
144 1079 237 1126 vocari
253 1089 348 1140 patrea
363 1074 443 1138 jubet,
454 1074 522 1123 Turn
536 1074 646 1123 Thrasea
668 1079 733 1123 inter
747 1076 878 1139 proximas
891 1091 958 1128 eou-

54 1148 174 1205 sultarit,
187 1165 201 1195 o
211 1160 352 1199 tentaretne
361 1147 532 1198 defensionem
541 1186 549 1211 ,
559 1166 591 1197 an
604 1161 732 1215 sperneret
741 1167 766 1198 u.
777 1149 882 1199 Diversa
894 1169 959 1202 corr-

53 1224 108 1273 silia
119 1222 307 1273 adferebantur.

86 1298 170 1345 XXV.
184 1298 281 1361 Quibus
290 1300 378 1346 intrari
388 1300 483 1347 curiam
493 1298 625 1364 placebat,
640 1314 761 1347 «securos
771 1315 824 1347 esse
835 1299 866 1347 de
881 1299 957 1348 coris-

53 1368 136 1419 tantid
144 1369 215 1431 ejus»
226 1370 358 1435 dixerunt,
369 1372 451 1419 anihil
464 1372 601 1430 dicturum,
610 1374 659 1420 nisi
668 1390 717 1436 quo
730 1374 834 1437 gloriam
845 1373 957 1439 augeret.
968 1424 972 1427 Α

52 1443 147 1505 Segnes
157 1455 182 1491 et
189 1444 294 1509 pavidos
304 1445 428 1509 supremis
438 1445 489 1492 suis
496 1457 619 1493 secretum
630 1445 794 1498 circumdare,
806 1444 957 1510 Adspiceret

52 1516 164 1581 populus
177 1513 277 1575 virum,
294 1518 371 1568 murti
382 1517 484 1566 obvium
496 1554 501 1571 ,
519 1517 618 1565 audiret
634 1530 733 1567 senatus
744 1535 832 1578 voces,
843 1523 913 1583 quasi
925 1538 958 1571 ex

52 1589 140 1652 aliquo
150 1591 264 1649 numine,
275 1605 349 1654 supra
360 1588 482 1638 humanas
493 1607 499 1635 z
511 1606 583 1653 posse
593 1592 647 1656 ipso
653 1591 774 1639 miraculo
784 1592 860 1640 etiarn
870 1591 956 1642 Nero-

51 1678 112 1709 nem
127 1664 287 1728 permoveri:
307 1664 344 1709 sin
358 1661 500 1710 crudelitati
515 1664 659 1721 insisteret,
675 1663 794 1729 distingui
808 1666 874 1713 certe
887 1668 956 1732 apud

50 1749 165 1801 posteros
170 1737 320 1788 memoriam
326 1734 426 1783 honesti
433 1734 514 1787 exitiis
521 1735 553 1781 ab
560 1734 656 1799 ignatii
662 1753 707 1804 per
713 1736 839 1788 silentium
848 1754 957 1803 pervenu-

53 1810 116 1858 tium
127 1827 152 1860 o.

82 1883 181 1933 xxrt.
200 1882 307 1939 Contrir,
327 1884 371 1947 qui
390 1881 571 1946 opperiendum
589 1879 660 1927 domi
675 1880 828 1943 censebant,
847 1883 881 1930 de
896 1887 954 1949 ipso

49 1953 161 2008 Thrasea
171 1956 257 2005 eadem
271 1975 276 2003 :
289 1958 356 2007 ared
365 1945 475 2004 ludibria
484 1965 510 2002 et
518 1953 685 2002 contumelias
694 1954 824 2001 imminere
835 1972 840 2002 r
853 1956 956 2004 subtra-
1030 1977 1036 1986 ·

48 2025 123 2076 heret
132 2046 207 2079 aures
218 2033 352 2092 conviciis,
370 2042 396 2079 et
410 2030 521 2095 probris.
537 2028 597 2076 Non
609 2026 692 2074 solum
704 2025 894 2079 Cossutianum,
909 2039 954 2075 aut

49 2100 156 2165 Eprium
165 2102 197 2156 ad
208 2104 289 2152 scelus
297 2115 443 2169 prompt0s3
457 2115 589 2166 superesse
598 2100 642 2162 qui
652 2096 758 2146 forsitan
771 2113 859 2145 manus
873 2099 955 2146 ictus-

46 2190 94 2239 qne
100 2192 146 2239 per
152 2178 336 2227 immanitatem
344 2176 453 2240 Augusti
461 2192 467 2223 ε
475 2173 796 2238 etiambonosmetnsequl.
805 2171 966 2220 Detraheret'

48 2249 135 2313 potitis
144 2253 249 2312 senatui,
258 2269 334 2317 quem
347 2251 545 2316 perornavisset,
554 2246 683 2295 infamiam
693 2245 756 2292 tanti
767 2244 870 2309 flagitii,
884 2257 909 2293 et
917 2260 957 2320 re-

46 2321 171 2385 linqueret
179 2326 317 2389 incertum,
330 2325 404 2390 quid,
415 2321 468 2371 riso
476 2322 587 2370 Tbrssed
595 2336 653 2377 reo,
669 2317 793 2366 decreturi
803 2329 885 2384 putres
897 2317 954 2367 lue-

46 2397 107 2447 rint.
123 2398 160 2448 Ut
175 2399 305 2449 Neronem
316 2400 470 2464 flagitiorum
481 2397 565 2463 pudor
577 2406 691 2462 caperet,
704 2393 771 2466 irriti
788 2410 831 2458 spe
846 2394 935 2462 agitari
946 2411 953 2441 τ
984 2431 988 2438 ,

47 2470 178 2538 multdque
188 2478 267 2539 magis
277 2473 421 2522 timendum
432 2510 438 2529 ‚
449 2490 481 2521 ne
492 2474 519 2520 in
530 2472 678 2535 coniugem,
691 2470 717 2515 in
727 2468 846 2516 familiam
857 2469 899 2525 ,in
908 2482 956 2515 ce-

46 2556 99 2593 tera
107 2548 212 2611 pignora
221 2550 274 2611 eius
286 2552 394 2597 seviret.
406 2547 515 2597 Proinde
530 2549 695 2595 intemeratus
703 2578 710 2602 ,
719 2541 866 2606 impollutus
874 2545 954 2602 ,quo-

44 2635 101 2667 rum
109 2623 221 2685 vestigiis
229 2634 256 2670 et
262 2622 353 2670 studiis
360 2623 436 2672 ritant
442 2621 647 2680 duxerit,eorum
655 2614 733 2680 glorid
740 2612 916 2692 peter-ethnam
924 2627 951 2661 s.

42 2692 140 2742 Aderat
152 2696 259 2750 consilio
269 2697 387 2748 Rusticus
398 2698 540 2749 Arulenus,
554 2693 661 2754 flagrans
672 2686 786 2750 iuuenis,
797 2695 822 2731 et
832 2681 952 2746 cupidine

41 2766 128 2815 laudis
142 2767 262 2816 offerebat
271 2806 277 2826 ,
287 2787 333 2824 ¹ese
346 2772 540 2824 intercessurum
551 2758 791 2814 senatusconsultus
807 2773 812 2803 r
825 2772 884 2803 narn
896 2757 953 2821 ple-

42 2838 82 2891 bis
94 2841 214 2892 tribunus
232 2854 296 2890 erat.
316 2839 434 2890 cohibuit
446 2840 549 2909 spiritus
562 2834 614 2899 eius
625 2830 735 2881 Thrasea
744 2846 782 2884 ,a
791 2845 822 2876 ne
834 2844 911 2888 rana,
925 2836 953 2874 et
1015 2894 1019 2904 1

38 2926 82 2961 reo
91 2929 143 2961 non
152 2913 471 2979 profutura,intercesssori
481 2910 584 2959 exitiosa
595 2906 726 2971 inasperet.
737 2900 791 2949 Sibi
802 2912 884 2950 actam
896 2912 953 2949 aeta·

38 2994 103 3041 tem,
116 2997 142 3033 et
156 2998 193 3034 tot
202 3003 247 3051 per
255 3001 335 3034 annos
347 2987 498 3038 continuum
511 2980 566 3030 vitre
578 2976 695 3025 ordinem
703 2992 752 3023 non
764 2972 931 3026 deserendum
944 2993 951 3023 ε
968 3033 971 3036 Ἴ

37 3058 75 3104 illi
88 3060 192 3105 initium
209 3062 422 3123 magistratuum,
443 3067 469 3103 et
487 3055 599 3116 integra,
615 3066 668 3114 quae
685 3047 819 3118 supersint.
839 3046 951 3095 Multirm

37 3131 94 3184 suth
107 3146 193 3177 seeum
205 3132 362 3196 expenderet
372 3168 378 3188 ‚
390 3128 460 3194 qrrod
470 3162 479 3186 ,
491 3126 538 3173 tali
552 3127 577 3171 in
592 3135 722 3187 tempere,
735 3119 888 3203 capessendae
900 3122 952 3168 rei.

34 3206 145 3268 publicae
155 3203 203 3260 iter
217 3204 391 3269 ingrederetur
404 3219 428 3250 n.
443 3198 565 3262 Ceterum
579 3196 647 3263 ipse,
659 3211 692 3242 an
703 3194 787 3241 venire
801 3211 824 3239 m
837 3203 951 3242 senatum

38 3277 153 3335 deceret,
169 3274 327 3330 meditationi
339 3292 388 3323 sue
402 3274 513 3338 reliquit.

70 3348 174 3398 XXVI!
189 3350 221 3397 At
232 3350 335 3414 posterii
349 3350 419 3404 luce,
432 3347 486 3392 duae
497 3345 617 3410 pretoriae
627 3338 743 3389 cobortes
757 3349 869 3402 armatas,
881 3347 949 3383 tem-

36 3423 108 3490 plum
125 3424 258 3490 genitricis
273 3424 381 3476 Venetis
394 3418 515 3473 insedere.
535 3417 639 3467 Aditum
657 3413 755 3463 senathr
771 3412 861 3529 idom
877 3420 953 3475 toga-7

716 3517 720 3520 -
771 3506 778 3529 r
