2234 3817
126 220 162 280 tt
440 235 465 284 e.
484 245 582 282 cona.
600 213 749 283 nactus
831 244 833 249 ·

105 343 109 353 ¹
126 319 382 380 sed'lluaulenomm
397 325 449 375 dux
462 326 549 376 haberi
564 327 670 377 :ualida
683 343 712 376 ea
727 337 805 392 gens,
817 337 845 376 et
860 327 1055 378 solitudinibus

126 403 216 454 Ali-icae
233 401 389 465 propinqua,
407 400 480 448 nullo
495 400 572 449 etiarn
586 412 643 449 tum
656 401 760 449 urbium
774 400 862 461 cultu,
875 399 944 465 cepit
956 418 1054 465 arma,

101 463 105 468 ¹
127 474 282 535 Maurosque
294 471 391 520 accolas
407 472 434 520 iu
452 471 549 521 bellum
562 473 657 521 traxit:
671 470 723 520 dux
735 483 761 520 et
772 469 812 519 hia
823 470 957 537 Mazippa:
973 472 1054 521 divi-

128 557 220 612 susque
233 544 374 606 exercitus3
385 554 415 593 ut
423 544 659 600 Tacfarinaslectcs
668 546 745 603 viros,
760 546 937 595 etRomauum
948 547 977 595 in
987 563 1034 595 mo
1042 575 1054 588 -

130 622 192 671 dum
206 630 317 667 aruratos
328 620 418 667 castris
432 619 552 667 attineret
566 656 573 677 ,
587 618 721 685 disciplina
733 631 761 668 et
776 617 890 683 imperiis
899 631 1052 669 suesceret:

129 692 250 757 Mazippa
259 691 309 740 levi
322 707 382 756 cum
393 690 467 756 capia
478 691 607 751 incendia,
622 704 649 741 et
660 691 754 751 cedes,
766 703 791 740 et
802 704 926 741 terrorem
935 695 1055 743 circum·

128 768 207 816 ferret
219 765 463 832 :compulerantque
477 765 604 817 Cinithios
620 765 870 832 haudssrpernendam
878 768 1008 818 nationem
1021 766 1054 818 ist

130 837 242 902 esdsm3
259 855 339 905 quum
351 838 444 888 Furius
461 838 586 889 Cantilius
599 841 739 906 v‘proconsul
755 835 860 896 alr-toa,
877 840 1005 903 legionem
1019 853 1055 892 et

130 912 201 982 quod
213 914 260 962 sub
273 915 350 979 signis
362 914 505 972 sociorum,
520 914 546 961 in
556 931 635 963 uuum
646 913 787 963 conductos
800 912 832 961 ad
841 913 939 962 hostem
950 912 1028 962 duxit
1043 939 1052 972 :

131 988 262 1037 sinodicam
269 1006 389 1045 manum,
400 987 421 1036 si
431 987 623 1037 multitudinem
631 985 803 1038 Numidarum
815 999 891 1051 atque
899 988 1055 1048 Maurorum

137 1073 281 1127 spectares:
292 1062 338 1110 sed
349 1061 415 1109 nihil
426 1059 494 1125 eque
505 1062 653 1121 cavebatur,
667 1059 743 1124 quim
756 1060 898 1109 aerbertum
908 1072 974 1109 metu
987 1060 1055 1108 elu-

102 1183 104 1185 ,
135 1135 228 1182 darent
242 1150 247 1180 z
262 1150 308 1203 spe
322 1134 436 1182 victorin
454 1131 552 1182 inducti
568 1145 644 1192 suut,
658 1146 688 1181 ut
701 1134 873 1185 vincerentur.
888 1134 965 1198 lgitur
977 1126 1054 1197 legio

132 1205 236 1268 medin,
256 1206 324 1256 levet
339 1205 471 1267 euborica,
489 1204 595 1270 dureque
611 1209 655 1257 alae
670 1209 696 1257 iu
712 1207 833 1266 cornibus
848 1207 964 1256 locantur
979 1224 985 1254 ε
1002 1222 1054 1257 nec

133 1278 281 1333 Tacfarinas
298 1291 409 1348 pugnam
425 1276 599 1327 detrectavit:
616 1281 667 1329 fusi
683 1281 813 1341 Numidae,
827 1282 972 1344 multosque
990 1287 1055 1347 post

78 1415 83 1422 ¹
132 1369 214 1403 anuos
222 1356 300 1406 Furio
308 1364 411 1421 parturn
420 1350 497 1399 decus
504 1351 616 1413 militiam
629 1366 690 1402 nam
698 1369 757 1419 post
766 1357 840 1405 illum
850 1356 1053 1422 reciperatorem

130 1427 227 1491 urbis,
235 1431 366 1493 filiumque
376 1426 430 1492 ejus
441 1425 595 1483 Camillum,
606 1442 684 1490 penes
693 1430 755 1475 alias
766 1428 879 1474 familias
887 1430 1054 1493 imperatoria

132 1504 189 1556 laus
205 1502 296 1551 luerat.
307 1502 391 1564 Atque
402 1501 457 1562 hic,
472 1513 549 1564 quem
562 1511 747 1555 auemoramuS,
759 1497 888 1546 bellorum
900 1515 990 1565 expers
1000 1500 1053 1550 ha.

135 1578 245 1628 bebatur
258 1595 264 1625 ε
274 1577 305 1624 eia
314 1575 421 1641 pronior
428 1573 547 1620 Tiberius
556 1588 597 1621 aee
603 1583 685 1636 gestas
693 1569 762 1638 apud
768 1579 885 1620 senatum
895 1573 1049 1627 celebravit:

133 1665 160 1703 et
173 1649 311 1698 decrevere
323 1658 410 1714 patrea
423 1643 588 1710 triumphalia
599 1645 707 1710 insignia
722 1644 813 1713 :quod
826 1644 935 1696 Camillo
945 1647 977 1698 oh
988 1664 1051 1700 tuo·

112 1733 114 1740 '
134 1725 248 1775 alestiam
260 1723 316 1769 vitu
329 1715 431 1783 impune
440 1715 496 1763 luit.
910 1755 913 1764 ,

110 1786 119 1800 ’
164 1797 234 1850 LIll.
246 1798 357 1860 Sequens
364 1790 585 1842 anuusTiberium
595 1791 672 1841 tertio
679 1826 686 1851 ,
697 1790 878 1843 Germanicum
886 1795 1051 1845 iterumcon-

133 1873 202 1923 aules
217 1859 326 1918 habuit:
343 1867 387 1916 sed
400 1881 459 1913 cum
475 1862 602 1914 honorem
617 1864 784 1915 Germanicus
800 1866 858 1914 iniit
871 1866 937 1933 apud
953 1868 1048 1919 urbem

135 1945 237 1998 Achaiae
248 1942 410 2009 Nicopolim,
426 1936 477 2002 qud
487 1939 596 1987 venant
604 1955 650 2004 per
662 1938 794 2005 Illyricam
808 1955 894 1999 oram,
902 1939 958 1990 risu
967 1940 1049 1993 fratre

130 2019 219 2072 Druso
231 2018 257 2065 in
271 2012 397 2064 Dalmatil
412 2022 518 2076 agente,
536 2010 689 2069 Hadriatici,
706 2026 736 2060 ac
751 2028 813 2062 mox
827 2013 895 2063 Ionii
908 2017 986 2064 maris
998 2016 1049 2065 ad-

135 2109 237 2143 uersam
253 2090 443 2154 navigationem
458 2099 617 2154 perpessus:
635 2085 710 2150 igitur
726 2100 822 2150 paucos
839 2086 893 2136 dies
912 2090 1054 2155 insumpsit

132 2165 274 2222 reficiendae
292 2166 367 2213 clausi
382 2180 388 2211 ε
406 2161 484 2222 simul
499 2161 569 2210 sinus
580 2157 804 2210 seruauerant
820 2162 946 2227 inclytas,
960 2174 987 2212 et
1004 2181 1049 2214 ra·

134 2251 215 2286 oratos
229 2240 261 2286 ab
278 2219 709 2301 Augusto'manubiaa,.eastraque
723 2234 832 2285 Antonii
848 2252 909 2284 cum
924 2237 1050 2288 recorda-

133 2312 207 2359 tione
221 2309 346 2371 majorum
359 2323 463 2355 suornm
475 2305 537 2354 adiit
553 2321 559 2352 ι
577 2321 686 2369 namque
700 2307 739 2368 ei,
755 2321 786 2358 ut
796 2312 950 2367 memoravi,
961 2328 1053 2360 noun..

133 2382 206 2431 culus
212 2380 415 2444 Augustarum
421 2378 547 2429 Antonius
553 2389 634 2434 erant,
641 2393 782 2445 magnaque
789 2382 842 2431 illic
847 2384 929 2446 imago
935 2383 1049 2432 tristium

133 2454 313 2522 latorumque.
326 2452 393 2502 Hinc
407 2461 514 2499 ventum
523 2447 652 2507 Athenas,
664 2448 806 2519 foederique
819 2456 890 2503 socie
900 2465 924 2502 et
939 2447 1048 2505 vetua'tae

132 2528 204 2576 urbis
210 2526 309 2584 datum,
318 2538 346 2575 ut
355 2542 406 2575 uuo
414 2526 504 2574 lictore
512 2534 635 2572 uteretur.
641 2523 769 2590 Excepere
777 2527 858 2576 Greci
864 2527 1048 2592 quaesitissimis

133 2602 287 2661 honoribus,
297 2614 381 2651 vetera
389 2615 494 2651 sucrum
503 2597 569 2647 facta
577 2596 692 2662 dictaque
701 2600 871 2667 praeferentes,
880 2599 994 2668 qudplua
1002 2599 1047 2649 di-

111 2721 113 2732 ,
135 2676 263 2744 guntionis
271 2675 384 2742 adulatio
393 2674 507 2724 haberet.

164 2748 234 2802 le.
249 2748 517 2810 ratiuncularum,
530 2746 641 2798 tramisit
650 2745 776 2808 Lesbum,
787 2747 833 2796 ubi
841 2748 986 2816 Agrippina
997 2765 1050 2799 no-

135 2823 243 2873 tisaimo
259 2837 334 2891 partu
346 2826 438 2873 Juliam
451 2823 534 2874 edidit
547 2841 553 2872 :
566 2825 625 2873 tum‘
633 2834 746 2871 extrema
753 2820 832 2883 Asiae,
845 2823 1050 2887 Perinthumque

130 2911 169 2943 au·
178 2883 331 2963 Byzantium
343 2893 465 2944 Thraciae
475 2896 567 2955 urbes,
582 2912 643 2944 mox
653 2891 815 2959 Propontidis
824 2895 954 2955 angustias
960 2927 969 2955 ,
981 2906 1008 2941 et
1018 2909 1050 2944 oa

131 2969 271 3018 Ponticum
286 2971 366 3016 intrat
379 2963 497 3032 cupidine
508 2978 606 3017 veteres
617 2969 702 3030 locos,
717 2977 742 3014 et
752 2963 818 3013 sama
830 2964 972 3014 celebratos
983 2983 1051 3017 noa-

129 3039 209 3089 scendi
223 3057 230 3088 ι
242 3040 385 3104 pariterque
401 3039 543 3105 provincias
558 3040 664 3092 internis
679 3037 870 3095 certaminibus,
888 3051 934 3087 aut
949 3041 1051 3106 magia·

132 3124 247 3161 tratuum
257 3111 589 3176 injuriisfeasaeresovebat:
600 3121 676 3179 atque
685 3114 789 3164 illumin
797 3127 988 3179 regressuram
997 3115 1050 3162 Sa-

133 3186 294 3237 mothracum
303 3187 386 3238 risere
394 3188 603 3249 nitentem‚ol›vii
614 3191 746 3252 aquilones
755 3187 973 3256 depulere.Igitur
982 3187 1045 3250 llio,

132 3276 236 3323 qunque
243 3262 283 3311 ibi
293 3260 542 3320 varietatel'ortuuae,
554 3273 580 3311 et
590 3261 671 3310 nostrl
681 3264 778 3329 origine
789 3259 945 3328 pauenda,
956 3261 1049 3325 relegit

107 3355 120 3394 f
132 3330 237 3391 ariam,
247 3333 402 3400 adpellitque
416 3335 576 3400 Colophona,
590 3345 618 3382 ut
628 3334 708 3383 Clarii
718 3337 864 3401 Appollinis
875 3336 977 3384 oraculo
987 3346 1050 3383 ute·

132 3413 214 3452 retur.
223 3406 282 3454 Non
292 3406 386 3455 femina
397 3408 464 3469 illic,
473 3418 501 3456 ut
511 3405 579 3471 apud
587 3404 716 3469 Delphos,
727 3409 773 3457 aed
781 3411 859 3458 certia
869 3408 883 3456 ἑ
893 3408 1010 3472 familiis,
1021 3418 1049 3456 ot

128 3473 671 3539 fermiMiletoaccituasmerdoquumerum
676 3478 1048 3531 noduoonauluntiumerno-
