2234 3817
49 214 52 221 ,
121 154 172 227 578
446 159 471 198 o.
490 158 583 197 eous.
601 156 714 197 ntem

123 327 1048 370 mvwmwwtmsvwvwmmwmmm

93 506 97 514 .
181 456 185 465 ·
237 455 813 571 ΗΙεΤοΒΙΑΒυΜιιΒ.
850 452 937 533 111.

122 655 249 715 Flammis
258 654 289 696 de
297 648 463 697 ratione'belli
475 646 664 693 deliberantibus
675 656 768 689 moram
781 643 851 691 alii,
860 640 1047 698 festinationem

148 718 266 765 Antonius
275 717 370 758 Primus
379 712 476 765 suadet,
487 720 510 755 et
521 710 624 763 obtinet,
636 709 742 751 militum
752 704 854 748 studiis
867 703 897 745 eb
907 701 1048 745 inclinanti·

148 781 198 823 bus.
208 777 312 834 ideoque
318 774 351 817 ad
359 772 521 816 invadendam
530 772 635 828 Italiom
642 771 869 821 omniaparantur.
879 765 965 807 Atrius
973 762 998 803 V
995 772 1051 802 arur

148 840 255 885 Antonio
259 836 374 889 jungitur.
384 834 462 877 Multa
471 833 607 887 municipio
615 836 740 884 occupant.
751 827 889 870 Veronam
899 822 963 865 bello
971 821 1051 863 sedens

150 899 229 950 legunt
239 910 246 939 .·
258 909 299 939 eos
310 896 473 950 Vespasianus
482 900 504 936 et
515 892 641 936 Mucianus
649 891 711 932 seris
720 887 854 930 mandatis
866 880 1051 939 exspectaretu-

151 960 215 1004 bent.
225 959 328 1001 Interim
339 956 428 999 bellum
436 968 481 1010 per
488 953 604 1012 epistolas
612 954 711 1009 geritur.
726 950 826 991 Seditio
839 945 910 1001 apud
920 943 1050 987 Flavianos

152 1019 182 1062 ab
191 1020 297 1063 Antonio
306 1016 491 1071 comprimitur:
499 1017 538 1058 oui
550 1016 593 1056 uni
602 1012 667 1066 opud
676 1011 783 1054 militent
784 1009 863 1064 fides
875 1015 905 1049 et
913 1002 1053 1046 auctoritas.

153 1082 265 1126 lucilius
274 1087 295 1121 et
308 1079 406 1122 Caecina
415 1076 431 1119 ὰ
440 1076 542 1121 Vitellio
548 1075 677 1131 deficiunt:
688 1072 731 1115 sed
739 1071 838 1112 milites
848 1066 940 1123 infide
950 1067 1052 1114 manent,

153 1140 272 1197 ducesque
281 1151 337 1182 suos
348 1139 465 1180 vincitmt.
473 1139 533 1180 Istis
544 1136 619 1178 turbis
629 1140 758 1187 occupatos
768 1132 903 1173 Antonius
910 1124 1052 1183 aggreditur,

152 1201 285 1258 proelioque
299 1205 409 1243 conserto
421 1197 514 1240 nullum
530 1196 662 1238 constantis
675 1194 745 1235 ducis
759 1199 803 1232 out
819 1190 883 1232 boni
899 1187 991 1230 militis
1000 1181 1053 1239 offi-

156 1264 221 1307 cium
230 1262 329 1307 omittit.
343 1258 418 1301 Purtd
427 1256 546 1312 victorici,
560 1257 584 1299 F
584 1257 675 1298 lariani
690 1254 783 1296 milites
796 1251 829 1293 de
848 1247 979 1293 Cremomi
993 1247 1055 1287 intua·

155 1321 234 1367 dendd
243 1321 377 1364 deliberant
389 1333 396 1360 .-
406 1333 449 1362 nec
459 1319 595 1362 Arrionium
604 1317 706 1359 audiunt
717 1313 807 1356 :donec
817 1313 933 1355 adventu
944 1305 1053 1351 Vitellia·

156 1397 243 1428 norum
253 1383 331 1424 territi
342 1380 473 1423 consilium
486 1375 632 1422 admittunt:
645 1375 754 1419 hostibus
768 1373 869 1417 obuiam
880 1369 1052 1429 profectitiu-

156 1457 201 1488 uus
215 1457 270 1486 cum
280 1445 311 1485 iis
322 1449 449 1485 conserunt
460 1442 588 1495 :proelium
602 1447 674 1483 atrox
685 1446 708 1479 et
722 1448 810 1490 anceps
823 1436 918 1477 oritur.
931 1428 1052 1473 Antonius

156 1506 247 1562 egregii
254 1503 323 1549 ducis
330 1505 415 1545 niuniu
423 1501 507 1559 implet
517 1502 629 1547 :tandem
637 1495 769 1542 Vitelliani
776 1496 910 1549 pettnntur
920 1504 931 1532 .·
941 1481 1055 1545 eapugnt

156 1573 228 1623 pater
234 1565 250 1606 ἁ
249 1565 310 1621 filio
317 1579 360 1608 suo
368 1564 513 1620 interfectus·
523 1558 634 1607 Victores
641 1559 757 1604 Flauiani
765 1565 846 1600 castra
857 1554 1053 1597 Vitellianorum

157 1628 191 1672 od
202 1628 345 1672 Cremonam
353 1633 485 1683 oppugnant
493 1638 501 1666 :
509 1627 588 1679 iisqne
595 1636 680 1679 niagno
687 1619 769 1661 labore
778 1621 870 1673 captis,
885 1618 973 1669 ipsam
983 1612 1054 1653 etiam

158 1689 240 1733 urbem
245 1689 418 1740 aggrediuntur,
426 1684 547 1742 atqueillo
554 1682 654 1723 deditur.
666 1682 770 1722 Caeciuar
769 1679 857 1732 fastus
863 1686 889 1718 et
894 1676 969 1730 apud
974 1679 1055 1717 omues

158 1749 251 1794 odium.
268 1749 385 1807 Crenzonp
397 1747 412 1789 d
426 1742 542 1787 militibus
556 1740 682 1785 Flavianis
695 1738 822 1791 diripitur,
834 1743 914 1792 atque
924 1737 986 1781 regne
999 1743 1066 1773 corn.

157 1818 292 1864 crematum
302 1824 353 1868 quoe
361 1818 439 1853 tamen
445 1814 529 1864 posteo
538 1806 656 1848 restituta.
663 1799 781 1843 Antonius
787 1795 898 1839 victoeid
907 1793 1003 1836 utitur.
1012 1790 1040 1834 V
1037 1790 1055 1831 i·

158 1873 243 1918 tollius
257 1873 287 1915 de
302 1886 369 1916 more
384 1878 460 1926 torpet
473 1879 483 1912 t
498 1868 619 1915 Ceciriam
634 1863 785 1906 cottdemnat.
802 1859 887 1910 Reguli
897 1855 1054 1909 ⁸consulatus

161 1934 232 1992 unius
245 1932 302 1977 diei.
317 1933 383 1975 Mors
392 1933 468 1977 Blaesi
473 1946 482 1985 ,·
494 1942 546 1988 qnae
558 1927 649 1970 artibus
659 1923 686 1966 t.
699 1921 795 1966 Vitellii
803 1926 948 1974 preparata
959 1930 967 1958 .·
977 1922 1051 1958 moret

160 2000 186 2037 et
195 1995 298 2045 elogium
307 1993 413 2045 ejusdem
422 1992 506 2036 Bloesi.
515 1989 590 2033 Fabii
601 1987 625 2031 V
623 1986 713 2030 aientis
722 1981 851 2038 expeditio,
864 1989 890 2024 et
900 1982 917 2023 ὰ
929 1976 1050 2021 militibus

160 2058 214 2100 suis
227 2056 316 2098 deserti
330 2055 460 2098 consilium
470 2067 477 2096 :
487 2054 527 2110 qui
542 2051 627 2095 onmia
637 2055 758 2104 expertus,
770 2045 864 2087 cunctis
874 2042 907 2085 ed
918 2038 1051 2097 Vespasia·

126 2174 129 2183 Α
163 2130 221 2160 uum
229 2114 406 2172 deficientibus,
416 2116 523 2158 desertus
531 2115 634 2168 capitur.
645 2109 751 2153 Interim
759 2108 785 2149 in
794 2104 931 2149 Britannia*
941 2114 997 2145 eum
1005 2098 1030 2143 V
1027 2110 1048 2138 e·

163 2180 234 2221 nusio
249 2176 320 2219 uarid
333 2184 403 2217 sorte
417 2183 544 2230 pugnatur.
558 2175 624 2216 Daci
639 2171 655 2213 it
668 2170 782 2215 Muciano
800 2170 975 2224 reprimuntur.
995 2158 1048 2203 Ani·

163 2245 230 2282 cetus
238 2235 375 2278 Polemonis
385 2235 485 2277 libertus
490 2267 497 2288 ,
509 2236 615 2277 Pontum
625 2229 756 2285 infestans,
769 2231 871 2284 capitur.
884 2228 912 2272 V
909 2224 1047 2280 espesiattttt

81 2306 93 2321 “
162 2294 339 2343 Alexandriam
346 2297 419 2336 uenit.
428 2295 550 2337 Antonius
557 2296 659 2337 Primus
668 2291 801 2333 insolenter
806 2303 832 2332 se
837 2292 901 2340 gerit
909 2303 917 2330 :
926 2285 1043 2342 copiarum

108 2414 114 2425 .
162 2358 214 2406 ejus
228 2354 379 2395 enumeratio
389 2365 401 2394 ..⁴
417 2366 448 2395 esc
462 2354 548 2411 quibus
558 2354 631 2395 miles
643 2353 767 2408 gregarius
780 2350 810 2392 ob
821 2353 934 2392 occisum
944 2348 1043 2405 finirem

160 2415 286 2472 pratnium
293 2415 362 2469 petit.
372 2414 494 2457 Antonius
501 2414 597 2467 primus
606 2412 717 2454 Muciani
726 2411 884 2453 tumulatione
892 2424 922 2454 se
933 2405 1044 2452 destruit·¹

161 2473 298 2531 superbiat
304 2474 477 2530 Vespasianum
483 2471 695 2517 scribit.Vitellius
701 2470 779 2515 stultti
785 2470 993 2515 dissimulatione
1000 2465 1044 2508 cla‘

163 2539 218 2585 dem
232 2535 263 2578 nd
275 2535 415 2579 Cremonam
429 2540 553 2588 acceptam
567 2533 662 2588 premit.
675 2532 783 2581 Agrestis
787 2531 856 2589 fides
864 2542 889 2576 et
900 2527 1039 2576 constantia·

167 2599 283 2648 Vitellius
294 2599 328 2641 ud
340 2601 472 2643 exercitum
484 2597 551 2638 venit
565 2594 633 2647 :eius
644 2596 751 2652 ignavia,
765 2602 789 2636 et
801 2598 901 2639 inscitia
912 2589 1043 2652 rpercuitul

166 2662 300 2719 desectione
313 2663 398 2717 classis
407 2661 550 2705 Misenensis
568 2658 669 2702 Romam
685 2656 746 2699 redit
757 2670 765 2699 ,·
776 2655 810 2699 ibi
823 2670 855 2699 ee
863 2658 935 2713 plebe
945 2663 967 2697 et
979 2645 1044 2693 servi·

105 2780 109 2785 .
168 2728 210 2769 tiis
220 2727 351 2769 exet-eitun
356 2724 435 2782 sarit,
443 2725 483 2781 qni
493 2721 558 2766 breui
566 2721 690 2765 dilabitur.
704 2718 810 2767 Cerialis
818 2719 850 2762 ad
858 2720 993 2762 Flauianos
1000 2705 1044 2751 ela·

168 2787 245 2843 bitur,·
255 2788 296 2844 qui
304 2801 388 2843 pugnae
397 2787 463 2829 auiti
473 2786 582 2828 oratione
590 2782 690 2826 Antonii
700 2782 849 2836 mitigantur.
860 2778 1042 2826 Vitellianorum

166 2850 279 2904 plurimi,
295 2849 436 2902 mandem,
448 2845 511 2891 cade
527 2845 642 2890 Valentis
657 2841 765 2893 cognite,
781 2854 863 2886 omnes
876 2839 908 2882 ad
915 2834 1044 2879 Flavianos
1105 2842 1109 2855 =

171 2916 304 2951 transeunt.
316 2909 418 2953 Flauius
430 2905 556 2952 Sabtnnsa
563 2901 712 2961 primoribus
725 2901 789 2946 urbis
805 2904 926 2950 incitatus,
938 2905 990 2937 cnm
1001 2889 1043 2934 Vi·

170 2968 240 3011 tellio
253 2968 283 3008 de
293 2982 356 3023 pace
369 2973 435 3028 agit,·
452 2977 474 3012 et
486 2968 534 3021 ille,
543 2967 638 3010 cederet
651 2965 763 3019 imperio,
780 2966 807 3005 ni
820 2963 857 3005 sui
870 2959 1042 3001 reniterentur:

170 3031 212 3087 qui
228 3030 296 3082 pullo
315 3034 407 3074 ainictu
421 3034 516 3088 palutio
532 3028 681 3086 degressum,
695 3033 718 3071 et
737 3040 780 3083 pro
795 3025 908 3067 concione
923 3019 1006 3063 cedere
1016 3024 1040 3056 se
1107 3028 1108 3033 ¹

170 3096 311 3158 testantem,
328 3093 352 3133 in
369 3093 489 3145 palatium
505 3086 749 3148 retire‘eompettant.
767 3087 875 3132 rentum
891 3082 1004 3127 Sabirutm
1015 3076 1038 3117 itt

174 3147 321 3201 Capitolium
330 3152 426 3205 pulsum
434 3151 549 3195 obsident.
558 3150 660 3194 Sabinus
669 3151 807 3199 ,Cornelium
817 3139 994 3189 Marttatemat
1000 3134 1038 3182 1⁷1²

170 3209 270 3253 tellium
278 3225 332 3252 eam
339 3220 550 3270 remconqnestum
559 3214 643 3254 mittit.
652 3213 702 3255 Sed
708 3214 749 3256 isti
756 3209 825 3252 nulla
832 3208 856 3250 in
863 3220 920 3251 suos
925 3206 1036 3265 potestat-¹

172 3283 232 3341 ergo.
244 3273 390 3325 Capitolium
404 3281 561 3328 oppugnatur,
576 3272 723 3322 incenditur,
739 3279 810 3313 antea
824 3281 916 3326 quoque
926 3266 1038 3310 incensum

173 3339 361 3389 restitutumque.
371 3333 473 3375 Sabinus
481 3336 505 3375 in
514 3344 541 3375 eo
550 3331 657 3386 periculo
667 3332 757 3387 trepide
765 3330 938 3372 administrans
944 3324 1037 3383 eapiturt

173 3392 314 3436 Domitiano
322 3392 422 3436 solertid
432 3391 512 3436 liberti
520 3398 615 3437 seruato
621 3423 629 3445 ,
638 3399 663 3435 et
671 3393 745 3437 inrito
756 3391 868 3443 Vitellio,
877 3397 984 3435 necatur:
992 3381 1037 3435 tittt
