2234 3817
101 147 150 218 ³7⁰
281 174 284 180 -
394 190 397 195 ,
421 157 445 192 c.
467 154 563 195 conr.
579 152 693 201 usurus

102 252 195 297 eurota
206 238 306 307 impetu
315 237 428 290 militum
438 252 494 291 acta
503 259 509 289 :
518 256 570 291 non
579 240 666 308 paratis
673 235 807 300 concione,
816 251 868 296 nou
878 237 1034 306 conjunctis

99 317 252 385 legionibus.
476 324 482 332 ‘
595 358 601 365 .
837 320 839 325 '

135 389 246 440 LXXX.
259 388 328 439 Dum
338 387 459 453 quaeritur
472 393 589 453 tempus,
601 389 737 454 locusque,
751 370 871 453 (flerique
887 389 915 437 in
928 406 957 439 re
974 390 1032 440 tali

46 480 54 491 ¹
103 463 279 517 difficillimum
288 473 326 510 est
333 498 340 520 ,
347 461 430 527 prima
437 476 503 524 νοις
514 459 575 519 dum
584 462 671 510 animo
677 475 747 526 spes,
757 461 846 520 timor,
854 463 938 521 ratio,
948 480 1029 514 casus

102 539 284 600 observaturum
294 549 423 600 egressum
431 533 552 584 cubiculo
560 534 745 602 Vespasianum
752 536 826 600 pauci
832 535 939 597 milites,
945 537 1027 587 solito

102 611 253 662 adsistentes
258 607 356 667 ordine,
363 606 509 675 utlegatum
517 608 661 669 salutaturi,
668 614 855 674 imperatorem
865 610 1024 662 salutavere.

100 686 169 736 Tum
177 684 254 733 ueteri
267 697 414 742 accurrere,
427 682 579 746 Coesarem,
591 694 618 734 et
629 684 803 754 Augustum,
815 696 840 733 et
850 686 933 734 omnia
944 685 1027 751 prin-

100 757 197 825 uipstba
209 756 333 808 voeabula
343 755 474 805 cumulare
485 773 491 803 :
501 772 574 805 mens
583 755 600 806 b
608 767 679 806 metu
689 754 721 804 ad
733 754 864 806 fortunam
872 758 1025 810 transierat.

100 837 132 886 Iu
141 835 198 900 ipso
206 830 272 881 nihil
281 829 409 878 tumidum
419 864 426 888 ,
437 846 572 896 arrogans,
585 840 628 878 aut
639 829 665 878 in
677 828 753 878 rebus
761 831 837 879 novis
846 847 939 879 norum
950 829 1005 879 tuis
1016 849 1024 880 ι

99 921 132 962 ιιι
140 905 253 974 primum
263 914 338 954 tanta
350 901 524 952 multitudinis
534 902 649 954 obfusam
661 904 743 953 oculis
755 903 889 968 caliginem
901 904 1026 967 disjecit,

101 981 247 1036 militariter
257 979 359 1027 locutus
366 1014 373 1035 ,
381 978 439 1026 laeta
448 978 546 1040 omnia,
559 989 586 1025 et
595 975 732 1026 adfluentia
743 978 858 1042 excepit:
869 977 980 1043 uimque
992 978 1024 1027 id

101 1061 185 1126 ipsum
197 1054 331 1122 opperiens
341 1053 487 1114 Mucianus,
499 1053 605 1102 alacrem
618 1052 727 1103 militem
740 1053 766 1101 iu
776 1054 852 1101 uerba
864 1052 1025 1120 Vespasiani

100 1130 195 1197 adegit.
205 1129 273 1177 Tum
280 1125 490 1176 Antiochensium
501 1123 628 1174 theatrum
642 1126 781 1191 ingressus,
792 1126 835 1176 ubi
847 1126 898 1175 illis
908 1128 1021 1177 eonsul-

101 1218 154 1258 tare
165 1219 219 1254 mos
229 1210 278 1259 eat,
289 1211 482 1262 concurrentes,
493 1199 553 1248 etin
565 1197 737 1248 adulationem
746 1199 839 1249 effusos
846 1197 997 1265 adloquitur
1011 1216 1021 1251 e

100 1282 161 1332 satis
172 1279 279 1328 decorus
288 1275 364 1323 etiam
374 1271 462 1325 Greci
471 1273 603 1334 facundii,
616 1276 781 1340 omniumque
793 1293 846 1341 quar
856 1274 966 1336 diceret,
976 1286 1017 1326 at-

100 1371 150 1420 que
159 1362 260 1419 ageret,
269 1346 440 1414 artequidam
449 1358 601 1398 ostentator.
611 1347 684 1398 Nihil
694 1348 762 1412 eque
771 1349 929 1415 provinciam
938 1363 1016 1397 exer-

100 1430 231 1491 citumque
242 1420 374 1485 accendit,
383 1420 460 1488 qu‘am
472 1419 541 1487 qubd
550 1419 714 1471 adseverabat
721 1422 866 1479 Mucianus,
875 1422 1017 1473 ostatuisse

99 1500 250 1554 Vitellium,
262 1505 292 1543 ut
304 1492 469 1544 Germanicas
480 1495 594 1559 legiones
606 1495 632 1543 in
644 1496 755 1562 Syriam,
769 1493 802 1544 acl
813 1495 931 1544 militiam
947 1511 1018 1561 opn-

99 1573 196 1623 lentam
205 1570 381 1637 quietamque,
393 1569 554 1633 transferrem
566 1568 652 1618 contri
666 1570 776 1635 Syriacis
787 1568 930 1634 legionibus
943 1570 1016 1619 Ger-

99 1647 202 1697 manica
214 1644 337 1703 hiberna,
349 1642 412 1691 coelo
425 1658 454 1689 ac
468 1640 598 1697 laboribus
609 1640 688 1703 dura,
699 1653 860 1690 mutarentur
868 1659 895 1691 n.
908 1643 1016 1708 Quippe

100 1734 127 1772 et
140 1722 309 1790 provinciales
321 1729 394 1770 sueto
411 1702 522 1775 militum
535 1715 703 1765 coutubernio
716 1715 875 1780 gaudebant,
891 1717 1016 1781 plerique

66 1824 69 1831 .
99 1794 331 1846 necessitudinibus
340 1788 1014 1861 etpropinquitatibusrnixti3etmilitibus„vetustate

99 1868 301 1937 stipendiorum,
316 1880 377 1918 nota
389 1879 416 1917 et
425 1866 559 1918 familiaria
575 1877 655 1915 castra
671 1864 698 1911 in
709 1862 814 1912 modurn
825 1863 957 1930 penatium
968 1862 1017 1914 di-

97 1945 252 2012 ligebantur.
803 1944 807 1945 ⁷

133 2015 254 2068 LXXXI.
263 2018 329 2067 Ante
335 2016 397 2065 Idus
404 2017 417 2065 J
420 2018 483 2066 ulias
490 2017 562 2084 Syria
569 2015 652 2064 omnis
661 2015 686 2063 in
694 2013 784 2081 eodem
792 2023 947 2063 sacramento
953 2012 1014 2064 fuit.

98 2089 234 2141 'Accessere
250 2107 309 2139 cum
324 2105 417 2153 reguo,
432 2089 571 2148 Sobemus,
586 2082 656 2137 baud
670 2086 818 2153 spernendis
832 2086 942 2145 viribus,
956 2086 1015 2137 Au·

101 2163 204 2213 tiochus
211 2198 217 2221 ,
231 2162 336 2211 vetustis
350 2161 444 2223 opibus
455 2164 544 2227 iugens
551 2199 558 2222 ,
571 2175 599 2212 et
611 2161 805 2226 inservientium
817 2176 905 2227 regum
917 2158 1017 2210 ditissi-

98 2255 158 2288 mus
170 2253 177 2284 ε
188 2251 246 2284 mox
255 2248 300 2297 per
310 2231 426 2279 occultos
436 2249 541 2283 suorum
551 2236 657 2284 nuntios
668 2236 765 2282 excitus
775 2233 806 2282 ab
817 2234 881 2284 urbe
889 2234 999 2300 Agrippa
1008 2270 1016 2293 ,

96 2313 186 2375 ignaro
191 2302 274 2352 adbuc
281 2302 394 2361 Vitellio,
403 2305 481 2353 celeri
489 2309 650 2372 navigatione
659 2319 851 2372 properaverat:
860 2324 907 2356 uec
915 2309 1012 2360 minore

60 2432 63 2439 ¹
96 2374 275 2439 animoregina
288 2371 408 2422 Berenice
419 2388 504 2440 partes
515 2377 633 2440 juvabat,
644 2379 736 2426 florens
747 2389 818 2429 aetate
827 2379 961 2444 formisque
970 2419 976 2441 ,
986 2395 1012 2433 et

98 2451 154 2502 seni
165 2463 265 2514 quoque
273 2445 430 2512 Vespasiano
442 2448 627 2513 magnificentiis
640 2465 776 2496 munerum
787 2462 868 2516 grata.
881 2454 1012 2520 Quidquid

95 2524 286 2595 prouinciarum
296 2519 406 2570 adluitur
416 2522 491 2584 mari,
503 2519 563 2571 Asis
575 2534 651 2588 atque
661 2519 757 2572 Achaiai
769 2536 858 2584 tenus,
870 2540 1008 2590 quantum-

94 2618 144 2668 que
162 2600 287 2649 introrsus
302 2599 328 2645 in
342 2596 454 2646 Pontum
471 2609 497 2646 et
512 2598 649 2646 Armenios
666 2599 793 2664 patescit,
811 2599 928 2662 juravere
944 2621 950 2650 ε
965 2603 1008 2652 sed

96 2679 207 2728 inermes
217 2673 294 2739 legati
306 2671 440 2739 regebant,
451 2670 566 2721 nondum
575 2672 672 2720 additis
682 2672 848 2739 Cappadocia
858 2676 1006 2741 legionibus.

97 2749 241 2800 Consilium
251 2747 281 2796 de
291 2747 391 2796 summi
398 2763 483 2796 rerum
490 2748 577 2814 Beryti
584 2746 700 2796 habitum
710 2762 716 2795 ι
727 2746 936 2805 illucMuciauua,
948 2764 1004 2798 cum

98 2822 189 2887 legatis
195 2814 367 2886 tribunisque,
379 2818 617 2888 etsplendidissiuio
626 2837 726 2885 quoque
734 2821 908 2870 centurionum
914 2836 943 2867 ao
952 2821 1002 2871 mi·

98 2895 189 2948 litum,
202 2895 289 2941 veuit:
303 2905 329 2942 et
342 2892 355 2942 ὲ
368 2893 473 2943 ludaico
489 2893 600 2942 exercitu
612 2894 677 2942 lecta
691 2892 791 2941 decora.
804 2893 911 2939 Tantum
923 2892 998 2941 simul

98 2958 214 3032 peditum
230 2967 413 3030 equitumque,
427 2980 454 3017 et
470 2968 644 3016 emulantium
658 2969 723 3016 inter
735 2983 761 3016 se
780 2980 866 3031 regum
880 2976 998 3030 paratus,

96 3038 206 3106 speciem
218 3036 322 3084 fortunae
334 3041 480 3105 principalis
490 3039 632 3090 effecerant.
845 3052 847 3055 “

127 3108 262 3158 LXXXII.
272 3108 358 3161 Prima
369 3113 505 3178 bellicum,
518 3131 592 3179 agere
599 3113 722 3175 delectus,
731 3126 848 3163 revocare
857 3117 1001 3163 veteranos:

95 3184 255 3232 destinantur
268 3182 356 3231 validae
368 3184 483 3235 civitates
499 3186 646 3236 exercendis
658 3203 786 3236 armorum
799 3186 904 3236 officinis
916 3205 924 3235 τ
937 3188 1000 3254 apud

95 3255 277 3304 Antiochenses
295 3271 383 3304 aurum
401 3269 584 3323 argentumque
606 3250 739 3324 signatur:
758 3276 835 3324 eaque
851 3270 939 3309 cuncta
959 3277 1001 3324 per

95 3326 200 3374 idoneos
213 3327 354 3388 ministros,
368 3330 420 3376 suia
432 3346 534 3394 quaque
547 3332 622 3390 locis,
637 3332 998 3400 festinabantur.1paeVespa·

93 3400 178 3446 sianus
187 3397 271 3463 adue,
282 3397 392 3469 hortasi,
404 3401 486 3455 bonos
497 3403 589 3473 laude,
603 3419 689 3471 segnes
699 3407 817 3474 exemplo
823 3443 831 3476 ,
844 3409 946 3460 incitare
956 3421 998 3473 seg

1096 3356 1098 3445 i

1095 3466 1099 3509 i

1096 3528 1097 3579 t
