2234 3817
268 119 277 158 l

441 202 618 244 sententie.
638 253 641 260 Δ
936 191 984 260 287

80 302 233 347 commune,
253 284 420 352 ignorantiam
431 291 493 335 recti
510 299 534 335 et
548 286 680 336 invidiam.
694 283 744 336 Sed
756 283 822 353 apud
834 283 945 353 priores,
957 299 987 338 ut

80 380 156 429 agere
173 371 316 411 memoratu
335 356 412 421 digna
426 375 550 423 pronum,
572 362 699 425 magisque
712 357 739 408 in
756 371 844 425 aperto
863 372 931 423 erst;
951 362 987 411 ita

79 434 262 488 celeberrimus
271 432 376 496 quisque
387 433 500 495 ingenio,
510 432 541 480 ad
551 433 815 497 prodendamvirtutis
826 436 985 495 memoriam,

81 515 138 563 sine
146 510 226 577 gratiis
236 518 279 556 aut
288 507 439 565 ambitione,
450 508 520 556 bonae
533 508 631 557 tantiam
641 508 798 556 eonscientiae
812 506 893 572 pretio
905 506 985 556 duce·

82 587 171 635 batur.
183 581 221 632 Ac
232 581 345 645 plerique
355 595 427 628 snam
436 582 483 645 ipsi
493 582 573 628 ritant
584 577 698 643 narrare,
706 579 824 628 fiduciam
835 579 920 652 potiits
932 598 989 631 mo-

83 674 161 714 rtim,
172 655 247 719 quam
258 653 428 717 arrogantiam
439 653 556 701 arbitrati
568 665 628 702 sunt
639 671 644 703 :
656 671 702 701 neo
713 653 740 701 id
750 653 847 700 Rutilio
858 661 883 701 et
894 653 988 703 Scauro
1010 707 1013 712 ,

86 736 152 783 eitra
163 731 247 789 fidem,
259 741 303 778 aut
315 728 495 776 obtrectationi
508 728 556 776 fuit
567 746 573 774 ι
586 723 648 778 adeb
661 733 768 779 virtutes
781 726 871 776 iisdem
885 741 987 795 tempo-

87 807 160 857 ribus
177 797 272 871 optiniie
290 804 461 872 estimantur,
474 804 565 866 quibus
581 802 699 852 facillimi
715 806 860 868 gignuntur.
878 801 913 852 At
926 802 990 852 milti

87 896 171 942 nnnc,
183 889 317 928 narraturo
329 874 532 924 ritam'defnncti
546 874 672 933 hominis,
686 874 757 924 venta
766 890 830 939 opus
838 872 901 922 fuit:
915 891 991 937 quam

85 971 139 1002 non
158 952 293 1029 petissem,
314 951 342 999 ni
361 955 506 1000 cursatnrus'
531 962 583 999 tam
604 968 681 1015 seva,
701 962 728 999 et
748 948 836 997 infesta
853 949 991 998 virtutibus

14 1022 16 1026 ¹
85 1040 212 1093 tempora.
406 1035 422 1062 ἓ
649 1071 651 1082 ,
760 1027 763 1032 ⁴
970 1029 985 1068 t

119 1097 154 1149 ΙΙ.
171 1098 291 1165 Legimus
300 1111 380 1159 quum
393 1094 621 1162 ArulenoRustioo
631 1093 712 1142 Paetus
724 1092 849 1157 Thrasea,
861 1094 991 1143 Herennio

87 1174 222 1237 Senecioni
235 1172 336 1220 Priscus
349 1168 483 1218 Helvidius
495 1167 594 1217 laudati
605 1178 703 1225 essent,
720 1168 826 1235 capitale
838 1166 913 1228 fuisse
923 1186 931 1233 3
943 1184 993 1215 ne·

89 1248 173 1310 quein
184 1246 251 1311 ipsos
259 1242 336 1293 modo
347 1241 529 1314 auctores4sed
538 1242 564 1290 in
572 1241 651 1290 libros
660 1257 759 1304 quoqne
769 1257 858 1289 eorum
868 1242 992 1304 sevirum,

92 1318 207 1383 delegato
217 1315 354 1365 triumviris
362 1316 516 1377 ministerio,
529 1311 558 1363 ist
571 1325 734 1364 monumenta
745 1313 940 1361 clarissimorum
951 1314 992 1363 in-

91 1393 222 1457 geniorum
234 1390 259 1439 io
272 1391 376 1439 comitio
389 1406 417 1437 ao
432 1388 487 1437 foro
504 1402 645 1438 urerentur.
662 1388 765 1436 Scilicet
775 1387 818 1435 illo
830 1387 888 1453 igne
904 1404 992 1436 vocem

91 1465 181 1542 populi
194 1463 317 1528 Romani,
332 1474 357 1510 et
370 1463 515 1511 libertatem
529 1457 650 1519 vacuatos,
661 1472 687 1509 et
702 1462 880 1509 conscientiam
894 1463 993 1527 generis

92 1538 195 1587 humani
203 1538 298 1586 aboleri
310 1537 494 1585 arbitrabantur
504 1574 511 1594 ,
521 1537 633 1601 expulsis
645 1536 747 1601 insuper
758 1533 884 1601 sapientise
894 1537 993 1600 proles·

93 1611 203 1668 toribus,
215 1622 289 1673 atque
301 1610 373 1657 omni
384 1608 451 1657 boni
460 1620 513 1657 arte
523 1610 549 1657 in
562 1610 678 1657 exsilium
692 1607 760 1666 ectri,
772 1624 804 1656 ue
815 1608 875 1674 quid
886 1605 996 1671 rascprsrrrx
1047 1645 1051 1654 .

90 1675 227 1734 honestum
242 1693 395 1730 occurreret.
407 1679 527 1729 Dedimus
540 1678 654 1747 profeotd
665 1681 758 1747 grande
772 1682 899 1747 patientiae
914 1681 996 1731 docu-

94 1769 226 1820 mentum,
239 1767 265 1805 et
274 1760 340 1804 sient
352 1766 425 1822 vetus
438 1768 496 1803 setas
507 1754 642 1817 viditquid
656 1757 777 1804 ultimum
789 1755 815 1801 in
826 1755 942 1803 libertate
952 1771 995 1804 ea-

94 1842 132 1880 sct
141 1868 149 1890 ,
159 1830 194 1879 ita
206 1846 252 1879 nos
268 1828 329 1894 quid
342 1830 368 1876 in
382 1827 518 1887 servitute,
535 1827 654 1892 adempto
666 1844 712 1893 per
726 1826 902 1891 inquisitiones
917 1840 941 1877 et
953 1829 996 1877 lo.

96 1901 189 1966 queudi
205 1901 371 1965 audiendique
384 1901 547 1949 commercio.
563 1897 714 1956 Memoriam
727 1915 827 1965 quoque
841 1901 920 1964 ipsam
936 1918 995 1951 cum

95 1989 160 2023 voce
177 1975 390 2040 perdidissemus,
401 1969 428 2023 si
437 1984 490 2022 tam
504 1974 531 2026 in
543 1971 630 2022 nostri
645 1983 769 2040 potestate
783 1983 851 2032 esset,
863 1973 993 2035 oblivisci,

93 2046 174 2112 quarn
187 2059 275 2096 tacere.
823 2089 828 2097 .

126 2119 174 2170 111.
181 2122 255 2171 Nunc
264 2120 366 2170 demum
375 2117 443 2169 redit
451 2116 561 2168 animus:
574 2127 599 2165 et
606 2132 748 2181 quanquam
757 2114 838 2180 primo
849 2114 936 2163 statim
941 2117 999 2166 bea·

97 2194 188 2244 tissimi
197 2195 274 2244 seculi
283 2205 357 2259 ortu,
367 2193 450 2242 Nerva
460 2193 541 2241 Caesar
552 2207 592 2241 res
599 2191 662 2254 olim
673 2188 845 2239 dissociabiles
855 2188 997 2247 misouerit,

100 2268 268 2333 principatum
278 2266 473 2324 antiocensem,
484 2276 623 2331 augeatque
636 2262 748 2328 quotidie
761 2261 906 2309 facilitatem
917 2263 998 2329 impe-

97 2340 128 2388 rii
138 2339 223 2389 Nerva
233 2341 370 2406 Traianus,
384 2355 432 2387 nec
441 2355 511 2404 spem
522 2337 599 2388 modii
611 2351 639 2387 ac
652 2348 739 2387 totum
751 2336 871 2385 securitas
881 2336 1003 2402 publica,

102 2412 148 2460 sed
157 2414 234 2478 ipsius
245 2415 300 2463 voti
313 2411 431 2461 fiduciam
441 2428 469 2461 ac
478 2412 556 2461 robur
566 2413 728 2478 assumpserit
738 2431 744 2473 5
760 2408 850 2458 naturis
865 2419 946 2459 tamen
960 2411 1000 2458 in·
1039 2455 1041 2460 ,

96 2486 221 2536 firmitatis
230 2488 347 2536 humane
357 2486 467 2535 tardiora
477 2499 535 2535 sunt
543 2487 656 2543 remedia
667 2522 672 2544 ‚
683 2483 759 2550 quaint
769 2483 835 2531 mala
845 2503 852 2542 3
863 2495 888 2530 et
902 2496 930 2530 nt
944 2499 999 2530 cor·

95 2574 157 2624 pora
167 2560 234 2608 lente
243 2572 381 2623 augescunt
388 2595 395 2618 ,
412 2559 465 2610 citd
484 2562 694 2630 exstinguuntur,
709 2558 744 2606 sic'
756 2558 854 2620 ingenia
866 2555 1001 2617 studiaque

97 2634 253 2697 oppresseris
265 2632 378 2701 incibile,
387 2634 463 2697 quim
473 2636 640 2685 revocaveris.
650 2633 723 2680 Subit
734 2632 827 2693 quippe
838 2627 914 2676 etiam
925 2629 1002 2691 ipsius

97 2707 195 2754 inertiae
205 2707 312 2756 dulcedo
323 2725 329 2756 :
345 2720 369 2757 et
382 2710 463 2758 invisa
472 2710 555 2776 primo
566 2706 660 2756 desidia
670 2702 800 2771 postremb
814 2711 922 2748 amatur.
933 2700 1002 2763 Quid

97 2781 134 2846 si,
149 2797 195 2845 per
212 2784 356 2846 quindecim
371 2801 448 2833 annos
456 2823 466 2846 ,
484 2782 579 2849 grande
595 2779 710 2830 mortalis
727 2777 773 2824 teri
790 2776 911 2840 spatium,
928 2775 1003 2823 multi

97 2853 208 2904 fortuitis
216 2858 315 2907 casibus
325 2896 333 2921 ,
343 2861 548 2925 promptissimus
560 2850 770 2920 quisquelsoevitiai
787 2849 907 2915 principis
920 2849 1002 2896 inter-

97 2928 329 2991 cideruntiPauoi,
339 2945 365 2983 et
376 2946 405 2983 nt
415 2934 449 2988 itit
461 2934 567 2983 dixerim
575 2968 581 2991 ‚
589 2947 639 2980 non
651 2926 729 2977 modo
739 2926 861 2980 aliorum,
874 2922 1002 2974 sedetiam

95 3003 176 3052 nostri
191 3008 340 3070 superstites
351 3025 454 3069 sumus,
469 3004 620 3072 exemptisie
633 3000 716 3051 medii
731 2998 783 3048 vitai
796 3010 834 3045 tot
844 2998 930 3055 aunis,
943 2996 1004 3059 qui·
1075 3009 1078 3014 ·

95 3076 145 3124 hus
162 3075 265 3139 juvenes
280 3079 313 3127 ad
332 3091 486 3127 senectutem
499 3117 505 3138 ,
517 3094 589 3128 senes
603 3076 680 3143 propit
698 3072 729 3122 ad
749 3073 816 3137 ipsos
827 3083 917 3120 exacta
927 3070 1004 3117 aetatit

98 3150 222 3197 terminos
237 3168 283 3215 per
296 3153 425 3201 silentium
444 3155 569 3201 venimus.
579 3152 637 3200 Non
648 3162 731 3197 tamen
741 3145 850 3211 pigebit,
863 3146 903 3192 rel
913 3139 1005 3194 iiicon÷

100 3219 153 3269 ditd
169 3237 198 3268 ac
207 3223 264 3271 rudi
278 3241 358 3283 rooe,
372 3227 519 3273 memoriam
530 3223 622 3289 prioris
633 3220 776 3276 servitutis,
788 3233 816 3265 ae
831 3217 1004 3284 testimonium

96 3297 259 3361 presentium
265 3299 393 3347 bonorum
403 3299 581 3364 composuisse.
592 3295 640 3343 Hic
651 3294 755 3341 interitu
760 3292 824 3339 liber
832 3289 922 3337 ltonori
932 3285 1004 3347 Agri·

49 3399 54 3408 ·
96 3369 157 3417 cole
166 3373 247 3419 soceri
253 3374 305 3421 mei
314 3372 457 3423 destinatus
462 3407 470 3437 ,
479 3369 636 3440 professione
646 3367 763 3434 pietatis,
774 3360 941 3413 autlaudatus
950 3357 1006 3440 erit,

98 3454 142 3491 aut
151 3456 299 3499 excusatus.
