2234 3817
362 120 543 160 auutttuu·
559 122 625 161 nin.
647 126 721 164 xvst
943 114 992 184 297

103 204 190 259 ‘terim
199 204 289 247 Sextia
297 209 322 245 et
333 202 448 247 Pollutioe
457 204 569 247 interitus
577 203 824 256 diiigenternurratus
831 218 839 248 .-
845 212 994 254 accusatoris

53 267 61 277 ⁴
112 266 222 321 proemin.
232 264 353 307 Mensium
367 276 429 305 nova
438 267 542 305 nomina.
554 261 685 307 Ventorum
693 266 738 306 uis.
749 265 894 308 Pestilentia
902 265 992 313 Ronioe.

118 324 229 381 Lugduni
239 323 329 367 clades.
345 323 513 367 Chaldaeorum
526 324 680 367 consultores.
692 325 793 367 Anteius
803 333 827 367 et
837 325 946 369 Ostorius
956 328 993 369 in·

116 380 223 440 terfecti.
232 385 314 430 Taciti
322 385 539 440 querelasupertot
546 383 656 426 cautius.
668 384 773 439 Crispini
781 385 854 428 Mors.
864 385 995 441 Melinsal-

92 464 94 466 ·
115 445 151 487 tis
165 445 255 487 litteris
269 446 458 495 circumventus,
471 445 597 501 similique
608 453 660 487 arte
677 446 788 489 Cerialis.
803 447 911 489 Petronii
924 448 992 498 vita,

115 506 252 555 ingenium,
262 505 355 556 exitus,
366 505 510 547 constantia,
522 503 611 547 Neroni
615 505 716 561 stagitia
723 520 768 550 sua
777 506 903 561 exprobrat
913 520 922 548 .·
932 506 994 550 unde

114 565 186 608 bilius
192 566 316 609 exsiliunt.
323 563 455 607 Thraseam
461 572 576 607 accusant
588 567 743 609 Cossutianus
750 575 772 608 et
778 567 880 622 Eprius:
888 567 993 609 Boream

116 625 235 668 Soranum
243 625 355 676 Ostorius
361 625 471 669 Sabinus.
484 625 592 668 Thrasea
601 626 633 667 ad
639 625 759 669 Neronem
767 624 851 669 sitibit
858 641 866 668 :
874 629 994 670 consultat

114 698 148 727 un
157 683 321 739 defensionem
332 693 412 729 tentet.
423 686 488 730 Nero
497 694 609 729 sertatum
623 690 696 729 aroris
705 687 845 730 circumdat.
862 687 993 730 Marcellus

118 744 207 799 Eprius
214 746 288 788 sintul
297 745 440 800 Thraseam,
449 746 598 798 Helvidium,
606 749 761 803 Agrippinum
770 781 775 802 ,
784 748 924 791 Montanum
930 762 938 799 ,¹
950 747 994 789 us-

117 806 194 847 t'ort'us
202 805 307 847 Baream
316 813 339 847 et
349 807 478 848 Serviliam
488 815 601 849 accusant
612 821 619 847 .·
629 819 711 850 eorum
720 807 867 850 miserabilis
876 807 992 861 defensio.

99 905 104 912 .
116 865 238 915 Egnatius
243 864 445 909 Pseudo-stoicus.
453 865 620 920 Asclepiodoti
629 871 770 911 constantia.
781 868 893 910 Tieraseoe
898 881 994 924 prapa-

114 925 223 1029 :thetioltql
234 934 345 972 mortem,
356 928 423 972 Atini
436 928 507 970 unius
517 926 570 973 tue
583 935 649 984 gesta
656 961 662 983 ,
677 930 734 986 quia
744 929 836 987 reliqua
845 928 902 972 libri
908 928 995 984 satum

145 994 182 1029 siis
196 1000 203 1026 t
217 1016 222 1028 .

315 1121 345 1170 C.
359 1120 480 1169 Suetonio
495 1120 628 1182 Paullino,

158 1154 232 1205 ΟΜ
276 1132 291 1236 l
312 1187 343 1235 L.
354 1185 448 1235 Pontio
460 1186 589 1235 Telesino.

92 1349 117 1399 1.
135 1318 273 1399 liaustu
281 1344 372 1394 debinc
378 1344 477 1394 Neroni
485 1343 586 1416 fortuna
593 1360 638 1411 per
648 1345 785 1394 vanitatem
796 1345 890 1412 ipsius,
898 1339 924 1394 et
932 1361 996 1410 pro-

93 1420 168 1471 missa
178 1420 278 1469 Cerellii
285 1420 354 1467 Bassi
363 1437 371 1485 ἦ
381 1421 425 1483 qni
434 1420 530 1483 origine
537 1421 642 1478 Poenus,
652 1429 736 1466 mente
746 1418 846 1468 turbidi
853 1456 860 1480 ,
867 1432 997 1469 nocturnas

94 1495 186 1559 quietis
198 1493 332 1556 imaginem
342 1489 376 1538 ad
387 1507 458 1556 spem
467 1489 537 1538 baiid
547 1490 651 1539 dubiam
661 1493 776 1540 retraxit.
788 1491 930 1556 Ventusque
941 1494 996 1539 Ro·

24 1581 27 1586 ⁴
93 1585 179 1625 mam,
189 1568 311 1633 principis
324 1562 421 1612 aditum
433 1578 572 1613 emeremus
579 1603 588 1626 ,
601 1566 727 1630 expromit
742 1577 891 1631 arepertum
902 1567 997 1630 intigro

92 1658 139 1694 suo
148 1658 250 1708 specum
259 1638 394 1688 altitudine
404 1641 535 1701 immensi,
547 1657 600 1705 quo
607 1657 696 1705 magna
706 1640 744 1688 vis
754 1642 807 1688 suri
816 1644 998 1699 contineretur,

92 1732 142 1764 non
160 1719 185 1763 in
200 1714 307 1763 sormam
325 1712 449 1777 pecuniae,
465 1712 509 1760 sed
519 1713 584 1772 ,rudi
597 1725 622 1761 et
638 1714 742 1776 antiquo
752 1714 864 1777 pondere
885 1732 890 1761 :
907 1714 998 1763 lateres

92 1790 184 1855 quippe
199 1802 340 1853 praegraves
354 1784 450 1848 jacere.
466 1787 623 1834 adstantibus
637 1798 706 1852 parte
722 1786 770 1833 itit
789 1786 914 1835 columnis
927 1796 998 1850 :qna

94 1878 140 1928 per
157 1873 255 1909 tantum
270 1858 317 1906 sevi
332 1858 431 1906 occulta
444 1858 566 1922 augendis
579 1858 743 1922 presentibus
759 1859 842 1907 bonis.
861 1856 999 1915 Ceteriimt

93 1930 272 1993 utcon'qecturti
279 1929 473 1991 demonstraiet,
485 1930 609 1977 Didonem
618 1928 772 1977 Phoenissam
779 1929 850 1995 Tyro
858 1930 999 1993 profugam,

94 2005 198 2055 conditis
209 2004 370 2070 Cartbagine,
380 2005 435 2053 illas
444 2021 506 2069 opes
516 2004 657 2063 abdidisse,
669 2019 701 2051 ne
713 2018 796 2050 novus
804 2003 912 2067 populus
923 2001 999 2049 nimiu

94 2080 201 2146 pecuali
209 2080 344 2136 lasciviret,
353 2092 475 2144 autreges
482 2077 661 2138 Numidarum,
670 2089 697 2127 et
704 2075 764 2125 aliis
773 2075 870 2134 hiiensi,
881 2075 999 2141 cupidine

40 2199 46 2212 ,
95 2153 150 2201 nuri
163 2152 194 2200 ad
206 2153 305 2201 bellum
318 2152 516 2202 accenderentur
527 2170 553 2201 n.

128 2220 162 2274 Il.
173 2223 253 2288 igitur
261 2225 343 2281 Nero,
355 2242 405 2273 non
414 2226 523 2273 auctoris
533 2260 538 2281 ,
548 2240 604 2280 non
611 2224 690 2291 ipsius
699 2222 794 2287 negotii
802 2220 850 2270 fide
858 2220 917 2268 sutis
926 2231 999 2282 spec·

94 2295 156 2353 tatii,
166 2313 214 2345 uec
224 2298 308 2345 missis
317 2298 451 2356 risoribus,
461 2314 505 2364 per
513 2313 578 2362 qnos
587 2309 711 2359 nosceret,
722 2313 753 2354 au
763 2311 820 2343 vera
830 2293 999 2349 adferrentur,

93 2381 171 2435 auget
185 2368 252 2419 nltrb
263 2385 393 2418 rumorem
400 2403 408 2428 ‚
422 2370 566 2433 mittitque,
576 2372 619 2432 qni
632 2370 701 2417 velut
711 2379 808 2434 portam
821 2365 930 2431 praedam
939 2379 1001 2412 are-

93 2442 192 2493 herent.
205 2445 304 2492 Dantur
315 2443 429 2490 triremes
440 2453 467 2489 et
478 2440 603 2491 delectum
614 2443 758 2505 navigium,
772 2438 885 2503 juvanda
895 2438 1000 2487 festina·
1044 2469 1050 2473 -

94 2524 159 2572 tioni
170 2541 176 2570 :
189 2540 236 2573 nec
252 2523 324 2571 aliud
339 2540 384 2588 per
400 2525 457 2571 illos
473 2523 542 2584 dies,
557 2524 667 2588 populus
683 2520 846 2576 credulitate,
861 2516 999 2583 prudenter
1065 2541 1073 2556 u

94 2596 195 2648 diruit
208 2596 290 2652 lami,
306 2595 392 2645 tulere.
408 2598 445 2644 Ac
460 2596 524 2658 lorte
540 2596 728 2660 quinquennale
744 2591 870 2641 ludicrum
886 2587 999 2638 secundo

91 2666 177 2716 lustro
187 2667 358 2715 celebrabatur
366 2685 373 2714 z
382 2668 414 2715 ab
422 2668 614 2731 britonibusque
624 2667 747 2731 precipua
754 2664 857 2712 materia
864 2659 998 2710 intendens

95 2739 222 2804 principis
234 2738 364 2804 adsumpta
376 2751 414 2790 est
428 2758 433 2789 :
448 2757 523 2788 urion
535 2742 604 2788 enim
623 2739 720 2786 tantum
737 2737 825 2796 solitus
840 2735 935 2797 liniges,
949 2747 996 2781 nec

99 2813 211 2862 metallis
222 2812 357 2871 confusum
366 2814 544 2879 surumgigpi,
557 2812 601 2861 red
610 2810 674 2859 novi
685 2810 798 2871 ubertate
810 2809 941 2871 provenire
952 2817 1001 2853 ter-

96 2901 161 2944 tam,
171 2898 195 2935 et
204 2888 290 2941 obvias
298 2904 360 2953 opes
369 2887 465 2940 deferre
475 2886 558 2935 deosr
570 2901 686 2951 squaeque
695 2884 753 2936 aliu,
762 2879 859 2935 summit
870 2878 984 2929 facundii
994 2913 1001 2937 ,

93 2976 142 3009 uec
159 2962 256 3011 minore
273 2961 437 3023 adulatione,
455 2963 553 3013 servilia
571 2958 718 3026 fingebant,
737 2955 817 3004 securi
832 2954 864 3003 de
879 2953 1000 3010 facilitate

93 3033 230 3084 credentis.

129 3105 177 3155 111.
194 3108 323 3158 Gliscebat
338 3108 443 3168 interim
458 3106 558 3155 luxuria
573 3119 618 3169 spe
636 3103 722 3160 inani,
739 3102 1000 3163 consumebanturque
1055 3164 1057 3169 Ι

96 3188 196 3226 veteres
212 3194 289 3244 opes,
305 3183 377 3246 quasi
393 3180 485 3228 oblatis
493 3214 501 3236 ,
514 3191 576 3241 quas
591 3174 685 3222 multos
700 3191 745 3240 per
758 3189 835 3222 annos
848 3171 999 3238 prodigeret.

99 3251 169 3315 Quin
184 3261 210 3298 et
220 3251 278 3301 inde
287 3254 339 3319 jam
347 3252 500 3317 largiebatur
511 3267 517 3297 z
527 3259 551 3297 et
560 3246 706 3308 divitiarum
713 3246 864 3312 exspectatio
874 3246 1001 3290 intercou-

19 3347 25 3354 ’
95 3321 560 3399 ⁸⁸⁸pauperutispuhlteaeiiai.uam
569 3318 764 3382 tarsumenno
773 3313 1000 3387 agtusuolatisan
