2234 3817
323 148 563 190 arsronraansr
584 134 655 189 ιη(
674 157 726 191 111.
929 142 980 198 403

104 222 199 284 LXVI.
212 229 290 296 Qudd
302 232 324 280 si
344 238 396 282 tam
407 232 477 282 facile
492 230 595 283 suornm
610 247 707 284 mentes
717 236 827 285 flexisset
843 227 982 303 Vitellius,

69 306 151 373 quim
163 307 215 371 ipse
230 317 339 354 cesserat
350 324 357 371 5
371 310 528 356 incruentam
541 309 628 357 urbem
640 308 789 374 Vespasiani
801 315 925 361 exereitus
936 315 979 361 in·
991 328 993 332 ·

68 391 172 429 trasset.
185 377 316 437 Ceterum,
328 391 356 427 nt
365 380 586 444 quiaqueVitellio
596 380 660 428 fidus
667 384 716 441 ,ita
724 396 810 448 pacem
822 396 847 432 et
856 386 980 433 conditio-

11 462 12 465 ’
67 468 117 503 nes
130 452 293 508 abnuebant,
303 452 461 501 «discrimen
473 469 502 500 ac
517 454 627 503 dedecus
636 472 651 501 r>
663 467 833 515 ostentantes,
845 471 893 506 net
904 447 980 505 fidem

72 530 103 578 in
112 526 219 574 libidine
231 522 344 578 victoris.
358 527 409 573 Nec
419 539 516 575 tantam
525 527 681 593 Vespasiano
692 531 849 595 superbiam,
861 542 888 578 ut
896 518 982 595 priva·
1044 532 1048 539 “

71 613 134 651 tum
143 599 278 649 Vitellium
290 606 435 662 pateretur:
454 616 485 646 ne
499 601 581 647 victos
594 599 697 664 quidem
709 603 815 651 laturos.
827 601 864 650 lta
878 606 978 667 pericu-

55 716 62 725 ,
72 675 133 724 lum
142 689 172 722 ex
182 671 365 720 misericordie.
374 671 461 736 Ipsum
472 675 637 736 senescentem,
649 688 675 723 et
684 678 809 742 prosperis
819 675 980 740 adversisque

73 749 206 798 satiatum.
220 747 269 799 Sed
284 745 355 810 quod
370 762 476 805 nomen,
491 753 567 810 quein
583 761 677 797 statum
695 749 748 797 filio
765 750 818 813 ejus
829 751 983 799 Germanico

73 821 151 873 sore?
170 821 247 871 Nunc
267 822 414 885 pecuniam,
432 833 457 868 et
477 821 611 881 familiam,
625 834 650 870 et
662 823 750 871 beatos
762 825 902 890 Campaniae
914 826 984 873 sinus

76 896 196 963 promitti
206 914 211 944 :
220 894 265 942 sed
274 898 316 943 nbi
327 896 461 960 imperium
471 896 642 961 Vespasianus
652 900 785 959 invaserit,
796 917 847 947 non
857 901 920 965 ipsi,
931 916 984 946 non

78 968 231 1031 amicicias,
245 984 296 1015 non
310 966 419 1030 denique
430 972 582 1017 exercitibus
599 972 780 1034 securitatem,
797 974 846 1020 uisi
858 973 983 1021 exstincto

79 1043 200 1091 aemulatu
208 1041 358 1089 redituram.
369 1040 475 1090 Fabium
489 1043 537 1090 illis
549 1044 699 1103 Valentem,
712 1046 840 1108 captivum
851 1056 875 1093 et
886 1047 985 1093 casibus

81 1124 165 1172 dubiis
176 1131 346 1181 reservatum,
356 1139 507 1187 praegravem
518 1122 608 1171 fuisse:
623 1123 717 1172 nedum
729 1125 827 1173 Primus
838 1130 866 1173 ac
876 1128 985 1184 Fuscus,

82 1211 109 1246 et
124 1200 252 1262 specimen
264 1197 376 1260 partium
392 1197 539 1253 Mucianus,
551 1198 629 1244 ullam
642 1198 669 1245 in
686 1199 834 1257 Vitellium,
850 1199 899 1246 nisi
914 1198 987 1246 ocei-

85 1271 176 1330 dendi‚
196 1272 326 1318 licentiam
348 1269 466 1317 habeant.
486 1271 542 1317 Non
564 1270 578 1317 ai
592 1272 688 1319 Caesare
707 1270 857 1336 Pompeium
870 1309 875 1327 ,
887 1286 944 1331 non,
954 1274 985 1320 ab

84 1349 196 1409 Angusto
206 1345 345 1392 Antonium
355 1344 494 1392 incolumes
506 1346 606 1393 relictos
618 1364 624 1393 :
636 1348 685 1393 nisi
694 1346 760 1393 forte
770 1348 940 1410 Vespasianus
951 1348 986 1394 al·

82 1421 160 1468 tiores
169 1419 272 1482 spiritus
280 1431 363 1480 gerat,
375 1420 472 1466 Vitellii
481 1419 573 1476 cliens,
586 1436 665 1482 quum
675 1421 794 1469 Vitellius
805 1421 900 1484 collega
910 1421 987 1468 Clau·

83 1490 128 1539 dio
141 1489 212 1539 foret.
232 1491 317 1551 Quin,
331 1503 503 1539 ascensuram
521 1496 613 1556 patris,
634 1506 663 1540 ut
674 1505 726 1541 tres
737 1493 895 1551 consulatns,
912 1504 940 1540 nt
950 1504 988 1541 tot

11 1592 13 1620 3
82 1565 186 1628 egregiae
195 1563 286 1611 donula
298 1563 406 1620 hondres
413 1563 526 1623 deceret,
537 1563 711 1629 desperatione
721 1566 811 1612 saltent
824 1567 848 1612 in
858 1567 988 1613 audaciam

11 1669 13 1695 ,
81 1639 271 1702 accingeretur:
285 1649 397 1702 perstare
408 1638 518 1686 militem
529 1676 541 1699 ,ί
552 1655 680 1703 superesse
694 1637 777 1687 studia
796 1639 894 1704 populi.
908 1638 988 1685 Deni—

11 1738 13 1743 <
45 1714 47 1719 '
82 1729 130 1775 que
144 1711 209 1759 nihil
226 1710 334 1759 atrocius
346 1722 510 1769 eventurum,
523 1710 599 1774 quim
611 1708 637 1758 in
648 1711 716 1774 qnod
726 1724 816 1776 sponte
825 1722 914 1759 ruant:
928 1727 986 1758 mo·
1057 1716 1063 1725 ⁴

80 1784 200 1843 siendum
217 1782 306 1841 victis,
325 1782 483 1830 moriendum
501 1783 610 1830 deditis:
625 1785 652 1828 id
662 1786 745 1830 solnm
756 1784 862 1843 referre,
877 1784 988 1831 novissi-

82 1873 154 1906 mum
172 1858 288 1921 spiritum
305 1871 350 1921 per
365 1854 512 1916 ludibrium,
528 1864 553 1900 et
563 1855 727 1901 contumelias
735 1853 879 1914 effundant,
895 1873 927 1903 an
946 1868 990 1915 per
1033 1866 1037 1870 ”

11 1980 14 1989 ,
87 1930 242 1976 virtutem.»
839 1986 845 1990 ’
899 1931 906 1936 ·

11 2050 14 2062 ,
119 2000 227 2049 LXVll.
243 2001 326 2050 Surda
345 2000 377 2048 ad
389 1998 465 2049 fortia
484 1999 587 2048 consilia
606 1998 711 2047 Vitellio
731 2014 811 2047 aures.
831 1999 991 2048 Obrnebatur

11 2107 13 2135 ᾖ
88 2067 187 2121 animus
196 2077 354 2132 miseratione
364 2074 472 2137 eurique
482 2110 488 2133 ‚
499 2090 530 2120 ne
540 2107 548 2133 ,
558 2073 730 2138 pertinacibus
739 2076 827 2130 armis,
838 2071 921 2119 mimis
931 2073 991 2136 pla-

87 2147 196 2194 cabilem
207 2148 326 2197 rictorem
335 2148 488 2212 relinqueret
499 2147 601 2210 coniugi
611 2162 639 2192 ac
651 2146 748 2192 liberis.
763 2144 824 2192 Erat
840 2142 876 2191 illi
889 2155 914 2192 et
926 2144 990 2193 fessa

88 2229 159 2267 aetate
169 2236 271 2283 parens,
287 2238 340 2285 quae
353 2234 454 2279 tamen,
473 2220 560 2285 paucis
572 2217 629 2265 ant'e
640 2217 744 2276 diebus,
755 2217 895 2282 opportuni
909 2228 992 2264 morte

88 2292 217 2340 escidium
227 2293 315 2343 domes
333 2296 467 2359 praevenit,
484 2292 546 2340 nibil
562 2293 708 2357 principatu
724 2291 774 2338 filii
792 2290 922 2348 adsecuta,
940 2290 990 2336 nisi

86 2362 184 2414 luctum
196 2379 221 2415 et
231 2368 325 2416 bonam
336 2366 439 2415 lamam.
452 2367 550 2432 Quinto
562 2366 659 2413 decimo
671 2365 729 2412 Kal.
739 2366 795 2412 Jan.
812 2363 897 2412 auditd
906 2362 993 2411 delec-

85 2440 155 2489 tione
168 2441 272 2506 legionis
287 2441 493 2504 cohortiumque,
509 2457 562 2504 qua,
580 2456 605 2485 se
617 2438 714 2486 Narniae
735 2435 899 2494 dediderant,
919 2436 989 2500 pullo

87 2517 182 2579 amictu
192 2516 287 2579 palatio
300 2514 458 2578 degreditur,
472 2515 559 2561 moesti
571 2510 668 2561 circum
681 2509 783 2558 familiai.
796 2510 875 2557 Simul
891 2509 990 2556 sereba-

90 2602 132 2639 tnr
142 2587 262 2635 lecticuli
276 2588 394 2650 parvulus
405 2587 486 2645 filius,
504 2588 574 2633 velut
590 2587 616 2633 in
627 2574 759 2631 funebrem
770 2598 897 2645 pompam.
909 2581 994 2630 Voces

85 2657 182 2730 'populi
190 2657 285 2706 blaudae
296 2670 321 2706 et
330 2662 527 2725 intempestivae:
538 2659 610 2705 miles
620 2657 714 2703 minaci
723 2655 834 2702 silentio.

118 2729 240 2782 LXVlII.
256 2730 308 2778 Nec
319 2735 450 2796 qnisquam
467 2730 530 2779 adeo
549 2747 635 2778 rerum
653 2729 821 2774 humanarum
839 2725 990 2784 immemor,

11 2844 12 2847 ,
38 2826 41 2833 ’
87 2821 165 2871 quem
174 2817 408 2854 noncommoveret
424 2806 467 2852 illa
478 2800 929 2863 facies:Romanumpriucipem‚et
948 2814 996 2862 ge-

87 2881 157 2930 neris
173 2879 277 2927 humani
289 2880 365 2945 panlb
378 2879 434 2928 ante
444 2879 589 2937 dominum,
600 2876 686 2924 relicti
697 2872 801 2921 fortuna
812 2890 860 2921 suae
869 2872 940 2932 sede,
950 2889 995 2938 per

87 2952 231 3019 populum,
244 2969 289 3018 per
298 2953 405 3012 urbem,
420 2954 487 3000 exire
500 2951 530 2999 de
541 2951 657 3016 imperio.
672 2945 740 2995 Nihil
750 2946 799 2993 tale
812 2944 939 3006 viderant,
952 2945 996 2992 ni-

11 3052 13 3067 r
86 3025 124 3075 hil
143 3022 437 3092 audieranlzrepentina
456 3027 494 3074 vis
511 3024 662 3074 dictatorem
681 3023 804 3070 Caesarem
822 3029 998 3085 oppresserat5

85 3098 192 3147 occultae
207 3099 298 3147 Caium
312 3099 410 3147 insidiae
422 3118 427 3146 :
440 3116 491 3147 nos
502 3111 527 3148 et
537 3101 652 3163 ignotum
664 3112 707 3142 rus
717 3095 802 3157 lugam
813 3094 923 3141 ⁴Neronis
934 3091 997 3138 abs-

86 3169 243 3219 conderant:
255 3168 314 3220 Pisi)
323 3182 349 3219 et
360 3171 441 3235 Galba
454 3184 572 3235 tanquam
584 3171 610 3217 in
622 3170 674 3217 acie
684 3166 796 3216 cecidere
816 3183 822 3212 ε
841 3165 867 3213 in
878 3166 921 3212 sud
931 3182 995 3214 con-

87 3245 162 3291 cione
169 3243 303 3305 Vitellius,
314 3247 383 3293 inter
390 3258 450 3291 suos
459 3247 564 3304 milites,
574 3241 793 3309 prospectantibus
801 3239 877 3286 etiam
887 3238 995 3304 seminis¹

86 3332 171 3383 panca
182 3329 209 3365 et
217 3321 333 3382 praesenti
345 3319 470 3366 moestitiae
479 3317 644 3383 congruentia
657 3315 757 3362 locutus
768 3330 775 3359 z
788 3329 803 3360 a
812 3309 905 3359 Cedere
916 3325 941 3357 se
950 3327 999 3374 pa-

89 3391 126 3443 eis
141 3402 168 3442 et
182 3391 327 3457 reipublice
341 3388 433 3444 carad:
447 3393 586 3445 retinerent
599 3387 699 3442 tantum
709 3382 929 3449 memoriensem,
944 3382 999 3432 lra-
