2234 3817
381 102 562 141 turtureus
582 107 649 142 usa.
667 109 718 145 xv.
953 100 1000 168 247

122 186 157 242 L.
167 184 242 250 Ergo,
252 179 314 231 dum
327 185 440 232 «scelera
449 186 583 251 principis,
595 189 705 240 etlinun
716 188 803 239 adesse
812 190 925 257 imperii,
936 192 1003 242 detto

87 259 270 326 gentiumque,
282 258 326 319 qui
336 254 406 305 fessis
415 258 490 305 rebus
501 273 679 311 succurreret»)
685 298 693 323 ,
706 263 802 312 interce
811 276 855 313 aut
864 265 929 313 inter
936 267 1002 315 ami-

86 350 136 382 cos
146 333 255 395 iaciunt,
267 329 434 394 aggregaveris
442 331 556 378 Tullium
566 334 741 392 Senecionem,
755 336 901 386 Cervarium
910 340 1004 388 Procu-

85 407 160 467 lum,
172 404 321 452 Vulcatium
330 400 478 460 Araricum,
493 405 590 454 lulium
601 408 772 476 Tugurinum,
783 407 928 458 Munatium
938 411 1004 462 Gra-

86 491 164 535 tum,
181 478 323 527 Antonium
337 475 467 533 Natalem,
480 478 602 526 Mar-tium
616 482 734 541 Festum,
746 485 842 546 equites
855 486 1001 540 Romanos:

84 570 121 603 ex
140 549 233 615 quibus
251 549 369 604 Senecio,
388 549 401 596 ir
417 550 540 615 precipua
558 552 729 605 familiaritate
745 555 872 612 Neronis,
890 561 1001 623 speeiem

84 626 206 676 amicitia*
214 624 290 672 stiam
302 624 493 683 sumserimus,
504 625 535 673 ed
544 628 660 691 pluribus
668 629 787 693 periculis
797 631 1001 683 conflictabatur.

84 698 189 750 Natalis
200 699 326 763 particeps
340 697 372 744 ad
383 714 458 745 omne
471 712 598 747 secretum
614 702 702 750 Pisoni
712 716 766 751 eras
776 721 782 749 :
794 706 885 754 ceteris
900 722 957 769 spes
969 722 1000 754 eit

85 774 165 840 noris
174 772 248 820 rebus
256 772 399 837 petebatur.
407 771 514 820 Ausona
523 785 595 830 sunt,
604 792 679 839 super
689 776 1000 844 SubriumetSnlpieiuur,

89 842 124 891 de
138 846 229 909 quibus
241 845 332 899 retuli,
344 844 468 892 militares
481 862 585 901 suanus,
601 848 711 896 Grauius
722 849 852 907 Silvanus,
866 863 891 899 et
906 852 1001 900 Statius

86 917 240 974 Proximus,
258 918 354 974 tribuni
369 916 514 965 cohortium
529 920 719 983 praetoriarum,
735 920 864 970 Maximus
878 908 1000 989 Scanius,

87 1000 116 1038 et
132 991 248 1041 Venetus
259 991 363 1040 Paullus
374 1028 382 1049 ,
392 994 562 1041 centuriones.
581 991 631 1040 Sed
647 1010 773 1041 summum
788 993 871 1042 robur'
880 996 906 1044 iu
915 996 1000 1046 ,Fenio

12 1074 16 1078 ⁴
87 1060 173 1117 Rufo.
188 1065 318 1128 praesecto¹
338 1064 487 1119 videbatur,
505 1081 584 1128 quem
600 1063 651 1112 viis
668 1064 783 1131 famique
797 1066 942 1127 laudatum,
956 1086 1000 1134 per

89 1139 213 1186 saevitiam
221 1137 602 1204 impudicitianqueTigellinus
613 1139 639 1186 in
649 1140 733 1187 animo
743 1142 999 1206 principisanteibat‚

88 1208 262 1276 fatigabatque
272 1212 506 1269 criminationibus,
517 1229 545 1259 ac
554 1227 618 1274 saepe
627 1213 651 1259 in
661 1224 757 1261 mentm
770 1213 920 1276 adduxerat,
929 1218 1002 1277 quasi

92 1283 254 1332 «adulterum
261 1284 417 1350 Agrippinae,
426 1297 452 1333 et
462 1284 589 1332 desiderio
596 1285 648 1345 eins
656 1287 749 1334 ultioni
756 1290 880 1336 intentum
888 1307 912 1337 n.
920 1289 1003 1352 Igitur

90 1356 137 1402 uhi
151 1357 287 1418 coniuratis
299 1357 443 1423 proiectum
457 1374 558 1422 qnoque
572 1359 683 1423 praetorii
695 1360 721 1407 in
733 1372 818 1425 partes
829 1360 997 1414 descendisse,

86 1430 175 1478 crebro
188 1430 266 1493 ipsius
278 1444 393 1477 sermone
407 1428 470 1477 iacta
483 1431 560 1492 fides3
579 1430 725 1497 promptius
737 1434 788 1496 jam
801 1434 831 1483 de
846 1446 959 1498 tempore
971 1447 1000 1480 ac

84 1506 145 1555 loco
155 1506 228 1553 cadis
242 1505 377 1570 agitabant.
391 1507 423 1553 Et
436 1506 551 1569 «cepisse
564 1506 714 1571 impetum»
728 1509 834 1558 Subrius
845 1509 948 1559 Flavius
960 1505 972 1556 i
986 1535 1001 1545 -

86 1579 200 1632 rebatur.
211 1577 337 1626 ciuscend
346 1590 478 1626 canentem
489 1578 615 1627 Neronem
625 1580 787 1643 adgrediendi
797 1601 805 1647 3
818 1595 862 1631 aut
873 1598 951 1647 quum
961 1597 1000 1628 ar-

88 1651 165 1700 dente
178 1651 257 1699 domo
273 1668 316 1716 per
331 1663 436 1699 noctem
453 1650 502 1699 buc
517 1653 578 1699 illue
595 1666 707 1701 cursaret
725 1653 895 1703 incustoditus
907 1672 934 1702 n.
951 1652 1001 1699 ch

90 1725 188 1774 occasio
200 1722 363 1784 solitudinis3
380 1724 415 1771 ibi
427 1725 481 1788 ipsa
494 1723 636 1787 frequentia
652 1727 716 1773 tanti
729 1726 829 1775 decoris
845 1728 929 1781 testis,
945 1726 1002 1790 pul-

89 1797 244 1847 cherrimum
254 1797 366 1844 animum
376 1797 618 1846 exstimulaverant:
630 1798 678 1846 nisi
691 1799 849 1864 impunitatis
856 1796 949 1865 cupido
957 1812 1001 1846 re·-

92 1871 224 1932 tinuisset‚
235 1875 332 1934 magnis
340 1885 440 1933 semper
449 1868 583 1916 conatibus
592 1866 707 1917 aduersa.
874 1916 877 1922 ,

126 1941 168 1989 tt.
184 1944 286 1990 Interim
303 1943 482 1991 cunctantibus
501 1941 738 2005 prolatantibusque
756 1957 826 2008 spem
844 1958 872 1990 ae
888 1948 1003 2009 metum,

89 2014 223 2081 Epicharis
233 2014 344 2079 quedam
355 2051 363 2077 ,
374 2016 499 2063 incertum
509 2030 620 2078 quonam
632 2013 709 2063 ruodo
721 2019 846 2064 sciscitata
858 2018 954 2081 (neque
962 2016 1002 2064 illi

91 2089 148 2139 ante
161 2090 210 2136 ulla
223 2105 307 2137 rerum
322 2090 485 2138 honestarum
497 2104 557 2135 cura
574 2088 654 2136 luerat
662 2086 670 2153 )
679 2124 687 2148 ,
697 2087 847 2150 accendere,
860 2100 886 2135 et
897 2103 1002 2154 arguere

92 2151 236 2225 conjuratos
247 2180 252 2209 :
263 2178 292 2210 ac
302 2161 432 2228 postremd
444 2161 606 2221 lentitudinis
616 2177 705 2209 eorum
715 2173 837 2226 pertaesa,
847 2173 877 2216 ¹et
887 2160 915 2216 iu
926 2162 1001 2209 Cam-

22 2241 26 2250 ‘
93 2235 167 2302 panii
178 2251 265 2298 agens,
279 2238 401 2301 primores
414 2236 603 2284 classiariorum
616 2236 798 2284 Misenensium
810 2234 964 2291 labefacere,
974 2247 1001 2283 et

62 2335 67 2342 ·
93 2308 246 2357 conscientia
259 2310 355 2375 illigare
363 2312 472 2359 connixa
483 2322 522 2358 est
532 2310 576 2357 tali
588 2310 673 2359 initio.
685 2311 746 2359 Erat
760 2308 919 2362 chiliarchus
929 2311 955 2357 io
971 2309 1002 2358 ed

95 2381 171 2431 classe
182 2381 304 2431 Volusius
315 2383 454 2442 Proculus,
467 2383 611 2432 occidendas
622 2375 709 2432 matris
718 2384 825 2433 Neronis
836 2384 902 2431 iuter
911 2385 1002 2431 minis-

89 2466 158 2513 tros.
172 2472 222 2503 nou
229 2473 262 2505 er
269 2458 553 2521 magnitudinesceleris
561 2470 703 2523 provectus,
713 2458 861 2506 sitiebatur:
872 2458 894 2505 is
901 2456 1001 2504 mulieri

91 2529 156 2586 olim
167 2531 298 2593 cognitus,
306 2547 351 2578 seu
362 2532 448 2581 recens
460 2531 515 2581 orti
527 2530 650 2589 ammiud,
662 2531 722 2582 dnm
735 2532 845 2580 emerita
856 2545 913 2593 erga
922 2528 1001 2575 Nero·

93 2604 1001 2669 nernsua,etquiminirritumceeidissentu,aperit,ad'1icitquequestus,

96 2687 123 2725 et
137 2695 151 2725 u
164 2677 360 2729 destinationem
377 2683 510 2742 vindicta,
524 2682 545 2729 si
559 2680 663 2729 facultas
682 2678 830 2734 oriretur»,
845 2693 915 2743 spem
931 2674 1018 2725 deditr
1046 2717 1048 2726 ,

98 2765 171 2814 posse
180 2749 277 2813 impelli
284 2788 291 2811 ‚
302 2766 327 2800 et
335 2756 420 2819 plures
431 2741 584 2812 conciliare:
597 2768 665 2809 ‘tneo
674 2753 730 2800 leve
738 2752 859 2800 auxilinm
871 2748 982 2797 inclusae
995 2765 1001 2796 :

31 2851 35 2856 ·
85 2822 194 2871 ‘crebras
206 2824 370 2882 occasiones»
380 2849 387 2891 3
399 2830 457 2892 qnia
469 2829 536 2875 Ne'ro
549 2825 633 2874 multo
644 2824 711 2890 apud
724 2823 827 2873 Putelos
838 2835 863 2872 et
874 2822 1002 2871 Misenum

87 2897 169 2949 *maris
179 2913 224 2945 usn
234 2897 374 2967 letabatur.
386 2904 451 2967 Ergo
460 2900 591 2967 Epicharis
598 2896 674 2966 ‘ptura
686 2920 691 2948 :
704 2912 731 2950 et
738 2902 822 2949 omnia
831 2899 923 2948 scelera
930 2899 1003 2964 prin·
1054 2931 1056 2935 ,

89 2970 154 3034 ¹cipis
165 2970 281 3019 orditur:
293 2992 308 3021 a
317 2963 397 3039 neqire
409 2978 509 3026 senatui
521 2974 583 3038 qnid
596 2992 713 3026 manere:
726 2975 771 3024 sed
781 2974 925 3041 provisum,
937 2987 1002 3035 quo-

94 3059 150 3091 nam
168 3044 348 3111 modopoeuas
363 3065 456 3098 eversa
472 3050 617 3114 reipublicae
636 3048 707 3097 daret
721 3066 726 3096 ε
739 3051 910 3112 accingeretur
924 3040 1003 3092 modh

95 3130 183 3163 narare
194 3132 297 3180 operam
308 3156 315 3175 .
327 3132 354 3169 et
368 3124 481 3170 militnm
494 3123 632 3169 acerrimos
642 3120 734 3168 ducere
746 3122 771 3170 in
784 3133 878 3185 partes,
891 3134 919 3164 ac
929 3115 1003 3178 digna

97 3188 175 3252 prelia
186 3202 342 3253 exspectaret
350 3212 376 3243 u.
392 3195 502 3242 Nomina
514 3205 600 3241 umen
611 3193 799 3254 conjuratorum
808 3192 917 3242 reticuit.
929 3184 1003 3234 Unde

95 3257 195 3310 Proculi
212 3261 336 3316 indicium
346 3267 447 3315 irritum
459 3265 522 3327 tuit,
533 3267 649 3330 quamvis
658 3282 699 3326 ea,
708 3284 762 3330 quae
772 3266 899 3317 audierat,
912 3258 944 3307 ad
953 3256 1004 3303 Ne-

97 3332 345 3395 rouemdetnlisset.
361 3340 450 3394 Aeeita
464 3342 559 3407 quippe
571 3337 713 3408 Epicharis,
728 3353 759 3390 et.
770 3356 830 3389 eum
839 3337 919 3387 indies
930 3341 1003 3379 cum·
