2234 3817
105 169 152 221 150
405 174 443 211 c.
464 144 558 210 casu.
582 169 698 211 rrcrst

93 250 182 314 'renas
192 279 199 311 t
210 251 376 330 precatusque
386 269 431 322 per
441 255 588 320 codicillos,
600 256 691 305 immiti
700 253 836 322 rescripto,
849 276 929 312 vena.
938 265 1023 316 fesor.

104 338 151 387 vit.
165 335 309 387 Acervatim
322 347 352 378 ex
364 347 395 378 eo
405 331 503 378 Annius
513 330 599 378 Pollio
607 366 613 387 ,
622 328 722 396 Appius
732 330 848 394 Silanus,
858 336 953 386 Scauro
962 338 1021 388 Ma-

104 426 191 462 merco
205 409 281 458 simul
292 424 321 456 ac
330 405 423 454 Sabino
435 404 561 463 Calvisio,
572 405 711 468 majestatis
719 408 882 472 postulantur
893 450 900 472 ,
912 426 936 461 et
944 415 1020 463 Vini-

105 487 193 535 cianus
200 483 310 532 Pollioni
318 476 384 545 patri
394 477 575 539 adjiciebatur,
586 480 646 528 clari
654 495 734 543 genus
743 515 750 535 ‚
760 491 785 527 et
794 481 898 544 quidam
908 490 1018 538 summis

105 560 244 612 honoribus
258 576 264 603 :
277 565 532 616 contremuerantque
544 566 628 619 patres
641 570 647 600 t
658 558 824 617 nbm'quotus
835 556 943 622 quisque
954 560 1018 609 adli-

103 636 205 694 nitatis,
215 628 382 679 autamicitrae
389 637 427 675 tot
437 627 575 676 illustrium
584 630 711 684 virorum,
720 629 888 694 asperserat?
897 633 924 680 ui
933 633 1024 685 Celsus

105 710 207 757 urbanae
219 704 331 754 cohortis
345 701 476 758 tribunus,
492 712 548 751 tum
563 704 630 750 inter
642 701 755 763 indices,
767 703 880 769 Appium
893 717 920 754 et
934 709 1023 758 Calvi·

107 784 174 833 sium
184 778 325 828 discrimini
333 775 477 824 exemisset.
484 774 566 823 Casar
574 775 710 837 Pollionis,
719 774 1024 847 chinicianiSeaurique

104 870 220 915 causam,
229 865 261 915 ,ut
275 855 327 918 ipse
338 866 398 898 cum
409 858 499 897 senatu
510 860 645 911 nosceret,
658 849 773 915 distulit3
792 850 859 903 datis
870 854 1022 920 quibusdam

98 930 133 981 tn
141 930 260 991 Scaurum
274 924 393 993 tristibus
403 923 485 994 notis,
669 974 671 977 ,

108 1012 111 1021 ’
136 1003 170 1051 Χ.
184 1002 222 1050 Ne
234 1000 332 1050 feminac
347 997 451 1063 quidem
462 1009 576 1049 exsortes
586 998 714 1065 periculi:
734 995 785 1061 quai
800 998 952 1066 occupandas
963 1000 1017 1049 rei·

105 1075 211 1145 publica
222 1076 293 1140 argui
307 1089 358 1121 non
373 1083 508 1138 poteraut,
520 1072 554 1125 ob
569 1074 713 1140 lacrymas
724 1071 923 1121 incusabantur:
938 1090 1017 1124 neca·

105 1161 182 1212 taque
193 1160 231 1197 est
242 1164 304 1196 anus
313 1147 380 1197 Vitia
392 1183 398 1204 ‚
409 1146 474 1196 Fufii
485 1140 590 1197 Gemini
601 1160 693 1210 mater,
703 1146 773 1213 qudd
782 1147 828 1197 filii
836 1158 922 1197 necem
933 1148 1020 1201 beris·
1075 1192 1079 1209 ,

106 1232 157 1271 set.
171 1220 230 1270 llaec
241 1220 309 1288 apud
320 1233 452 1270 senatum:
470 1238 516 1285 pec
529 1238 603 1271 secus
616 1221 685 1287 apud
696 1223 837 1288 principem
853 1222 1020 1274 Vescularius

106 1294 225 1356 Atticus,
242 1310 271 1343 ac
282 1294 363 1342 Julius
376 1292 489 1343 Marinus
500 1294 531 1344 ad
541 1308 653 1347 mortem
667 1306 791 1360 aguntur,
809 1295 822 1342 ὲ
836 1296 1018 1348 vetustissimis
1099 1354 1102 1357 ,

105 1373 268 1424 familiarium
286 1372 406 1423 Rhodum
424 1375 518 1431 secuti,
528 1388 554 1426 et
565 1376 634 1442 apud
649 1376 904 1442 Capreas-individui.
913 1378 1017 1428 Vescu-

105 1447 183 1497 larius
202 1447 349 1496 insidiarum
369 1449 395 1496 in
408 1449 533 1499 Libonem
549 1452 723 1499 internuntius
739 1468 744 1497 :
763 1450 863 1499 Marino
874 1453 1018 1516 participe,

105 1520 208 1585 Sejanus
220 1520 336 1570 Curtium
347 1520 460 1572 Atticum
469 1537 630 1589 oppresserat
642 1543 647 1574 z
660 1525 710 1590 qub
721 1521 801 1572 latius
809 1535 958 1589 acceptum,
968 1539 1015 1572 sua
1037 1550 1040 1551 ν

107 1594 222 1660 exemplu
234 1594 260 1641 in
270 1593 428 1643 consultores
440 1595 569 1647 recidisse.
581 1596 628 1657 Per
643 1596 711 1651 idern
720 1607 819 1662 tempus
831 1597 861 1645 L.
872 1597 930 1645 Piso
940 1612 1015 1661 pcn-

107 1667 186 1732 tilex,
197 1683 283 1716 rarum
295 1667 322 1715 in
334 1666 403 1715 tants
411 1668 579 1731 claritudine,
589 1671 641 1720 lato
650 1673 714 1721 obiit
725 1670 834 1733 ,nullius
845 1670 940 1719 servilis
951 1685 1012 1716 sen·

108 1743 192 1790 tentiae
202 1751 292 1806 sponte
304 1750 406 1800 auctor,
419 1753 445 1789 et
454 1743 574 1805 quotiens
583 1746 719 1794 necessitas
731 1745 873 1809 ingrueret,
884 1741 1011 1808 sapienter

107 1813 252 1866 moderans.
263 1813 366 1861 Patrem
376 1814 400 1861 ei
408 1816 552 1865 censorium
562 1815 641 1864 fuisse
652 1810 790 1863 memoravi
802 1832 808 1861 z
823 1825 880 1862 satae
890 1813 922 1862 ad
933 1823 1011 1862 octo-

106 1889 231 1955 gesimam
237 1904 330 1939 aunum
337 1889 474 1953 processit:
483 1887 561 1939 decus
568 1888 719 1957 triumphale
727 1889 753 1936 in
763 1886 867 1935 Thracii
877 1897 1016 1947 meruerat,

107 1962 153 2015 sed
161 1963 285 2029 praecipua
294 1979 325 2011 cx
335 1978 365 2011 eo
375 1964 454 2028 gloria
462 2000 469 2021 ,
478 1963 546 2028 quaid
554 1963 686 2030 prefectus
693 1963 751 2013 urbi
758 1962 844 2012 rec‘ens
851 1998 858 2020 ,
865 1963 1016 2011 continuam

84 2039 87 2043 ’
106 2048 274 2106 potestatem,
287 2048 314 2085 et
322 2036 456 2101 insolentiis
462 2038 569 2106 parendi
577 2038 732 2104 graviorem,
745 2038 809 2088 mirb
822 2037 984 2104 temperavit.

139 2110 187 2160 XI.
204 2112 319 2177 Namque
336 2124 424 2172 antes,
437 2113 558 2180 proiectis
576 2112 654 2161 domo
672 2113 792 2178 regibus,
807 2128 835 2160 ac
850 2128 910 2159 mox
922 2111 1016 2176 magis·
1083 2105 1085 2109 ’

46 2196 49 2203 ’
107 2185 229 2246 uatibus,
243 2202 273 2234 ne
285 2185 345 2234 urbs
355 2186 408 2235 sine
422 2188 530 2253 imperio
540 2186 623 2244 loret,
635 2186 662 2235 in
673 2197 775 2251 tempus
787 2184 960 2249 deligebatur,
971 2183 1016 2246 qui

29 2296 31 2299 .
106 2257 146 2322 jus
158 2255 291 2313 redderet,
308 2273 337 2305 ac
350 2260 612 2313 subitisrnederctur:
625 2258 759 2322 feruntque
771 2259 803 2305 ab
818 2257 929 2305 Romulo
940 2257 1015 2304 Den-

109 2340 173 2377 trem
185 2331 330 2379 Romulium
339 2364 346 2390 ,
356 2331 415 2396 prist
423 2334 454 2384 ab
464 2334 542 2387 Tullo
548 2331 783 2384 HostilioNumam
794 2330 933 2388 Marcium,
946 2340 972 2376 et
981 2329 1015 2376 ab

107 2402 245 2466 Tarquinio
254 2403 367 2470 Superbo
377 2407 493 2474 Spurium
505 2409 654 2477 Igucrctium
663 2403 794 2469 impositos
805 2421 811 2450 :
825 2401 884 2447 dein
894 2401 1012 2447 consules
1032 2426 1049 2444 ι.

107 2475 277 2527 mandabant:
295 2478 417 2545 duratque
432 2483 608 2540 simulacrum,
625 2478 742 2542 quotiens
759 2476 793 2524 ob
815 2473 888 2523 ferias
905 2471 1013 2520 Latinas

108 2544 254 2609 praeficitur,
265 2545 307 2609 qui
316 2549 446 2598 consulare
456 2565 548 2599 munus
559 2555 672 2610 usurpet.
683 2538 943 2604 ceteramsugustus
951 2536 1012 2585 bel-

107 2618 139 2665 lis
149 2617 266 2668 civilibus
278 2619 387 2670 Cilnium
397 2621 571 2681 Maecenatem,
583 2615 706 2682 equestris
713 2614 824 2671 ordinis,
834 2611 931 2661 0⁰¹1&ss
941 2609 1011 2676 apud

109 2689 217 2740 Romam
227 2705 301 2757 arque
314 2684 413 2745 ltaliam
422 2713 451 2761 pr
481 2685 566 2757 ¹cauit.
577 2690 734 2742 Monstrum
745 2688 854 2756 potitus,
867 2686 900 2734 ob
910 2683 1013 2749 magni·

109 2764 224 2815 'tudinem
232 2768 334 2832 populi,
345 2787 373 2818 ac
384 2713 550 2834 cartaligum
561 2767 665 2826 auxilia,
681 2765 790 2830 sumpsit
800 2763 812 2812 ὲ
824 2760 1014 2817 consularibus,

71 2844 93 2912 ξ
110 2840 154 2903 qui
162 2854 287 2891 coerceret
297 2831 397 2893 servitia
405 2879 411 2899 ,
419 2855 444 2891 ct
453 2844 524 2906 quod
533 2845 628 2891 civium
639 2839 741 2889 audacia
750 2836 882 2887 turbidum
889 2868 897 2893 ,
904 2832 1016 2880 uisivim

108 2926 219 2965 metuat:
231 2916 377 2978 primusque
387 2915 493 2963 Messala
505 2917 630 2965 Coruinus
641 2932 696 2962 eam
705 2922 871 2978 potestatem,
884 2917 910 2953 et
918 2916 1014 2968 psu⁸⁰⁸

107 2982 245 3032 intra'dies
256 2986 331 3033 finem
350 2985 461 3052 accepit,
474 2992 545 3052 quasi
556 2990 661 3037 ‘nescius
679 2983 821 3045 exercendi.
832 2982 898 3029 Tum
913 2977 1016 3024 Taurus

107 3057 235 3118 Statilius,
248 3072 390 3122 quanquam
399 3059 519 3124 provecta
531 3073 616 3121 aetate,
632 3059 729 3126 egregie
741 3056 869 3106 toleravit.
882 3050 943 3100 Dein
954 3047 1017 3096 Piso

108 3133 201 3198 viginti
217 3148 264 3197 per
279 3147 358 3182 annos
375 3135 468 3199 pariter
482 3136 618 3199 probatus,
632 3120 736 3200 publico
749 3132 851 3190 funere,
865 3143 896 3175 ex
910 3125 1016 3173 decreto

108 3203 222 3261 senatus,
235 3205 375 3256 celebratus
385 3219 432 3259 est.
709 3208 713 3215 ¹

142 3276 202 3326 ΧΠ.
213 3279 333 3326 Relatum
351 3270 412 3326 ἰῃάἐ
421 3279 452 3325 ad
464 3278 549 3342 patres
564 3277 578 3331 'a
594 3276 784 3339 Quinctiliano,
803 3276 906 3323 tribuno
916 3271 1018 3337 plsbei,

108 3352 141 3402 de
156 3351 225 3401 libro
236 3347 366 3416 Sibyllae,
379 3369 457 3419 quens
467 3349 586 3396 Caninius
601 3351 706 3409 Gallus,
717 3348 918 3414 quindecimvir,
931 3348 1016 3409 recipi

108 3426 183 3478 inter
201 3434 301 3478 ceteros
317 3425 435 3495 ejusdem
453 3424 541 3479 uatis,
559 3430 587 3472 et
602 3426 638 3473 ed
652 3427 683 3476 de
704 3443 732 3477 re
745 3419 1016 3478 senatusconsultum
