2234 3817
366 99 611 167 arancartantt'
624 128 692 170 nra.
709 132 763 172 ιη.
964 121 1015 192 597

103 194 196 256 tibur,
211 195 375 262 legionariam
394 203 512 254 militiam
525 210 703 273 poscentibua,
723 211 834 278 optimus
845 212 949 281 quiaque
967 215 1017 286 ade

105 271 170 321 seiri
179 291 185 319 ε
195 273 299 321 ciatrem
309 274 430 327 Dalmatae
439 280 598 347 supplevere.
607 284 738 335 Eiercitnr
745 287 870 354 ducetque
879 289 911 338 ad
917 292 1016 342 Fanum

103 343 217 398 fortunae
225 345 275 394 iter
285 347 394 414 sistunt,
403 351 435 400 de
446 354 544 403 summi
556 373 641 406 rerum
652 371 814 419 cunctanter,
827 363 897 426 qndd
907 382 922 413 u
929 376 1012 414 motat

88 434 142 480 ‘er
151 418 215 469 urhe
228 421 503 485 praetoriarcohortean
513 428 659 488 audierant,
671 444 697 481 et
707 435 787 483 teneri
795 435 917 501 presidiis
925 436 1015 503 Apert-

104 492 201 540 ninum
212 489 348 543 rebantur:
360 507 393 543 et
406 497 489 563 ipeor,
504 501 530 548 in
544 503 646 567 regione
655 504 723 554 bello
735 508 833 564 attriti,
845 509 930 575 inopia
940 523 1018 560 etae⁴

105 562 208 632 ditiora
216 567 329 624 militurn
340 585 414 619 vocer
425 573 570 633 terrebant,
582 577 767 628 «clavarium»
780 581 910 648 (donativi
921 601 1015 634 nomen

108 640 166 703 eet)
186 640 370 707 flagitantium:
386 661 433 694 nec
444 649 592 712 pecuniam,
606 663 650 701 aot
661 652 817 705 frumentum
833 657 1014 724 providerantz

108 723 136 760 et
150 711 279 762 festinatio
288 724 365 779 atque
373 716 479 768 aviditer
488 720 687 786 praepediebant,
698 724 773 790 dnm,
787 744 841 793 qua
851 730 930 797 accipi
939 743 1015 798 pote·
1054 743 1068 755 ’

106 796 183 847 rant,
195 787 338 851 rapiuntur.

140 860 183 908 LI.
198 861 385 917 Celeberrimos
396 876 511 914 ructaret
526 865 624 932 habeo,
638 881 735 922 tantam
746 876 885 929 vietoribna
895 878 1015 931 advertor

111 932 150 1005 lep
157 932 278 997 nefasque
291 936 483 987 irreverentiam
495 937 589 1005 iniere,
601 954 630 993 ut
641 948 768 1012 gregarius
776 967 864 1014 eques,
879 953 1015 1006 occirumi

108 1022 138 1056 ec
145 1008 263 1072 proximi
275 1010 328 1057 acie
337 1009 439 1060 fratrem
453 1012 596 1077 proferena,
608 1020 739 1081 praemium
756 1021 770 1071 ὲ
785 1023 892 1076 ducibus
903 1028 1013 1092 petierit.

107 1080 163 1130 Nec
171 1080 223 1130 illia
234 1091 279 1129 aut
287 1078 411 1132 honorare
421 1100 478 1132 earn
487 1083 581 1134 caedem
590 1087 784 1154 juslrominum,
795 1111 839 1146 ant
847 1100 936 1149 'ulciaci
947 1102 1013 1151 ratio

107 1152 170 1203 belli
179 1155 353 1220 permittebat.
364 1156 535 1220 Distulerant,
554 1171 674 1225 tanquam
684 1165 778 1229 majora
791 1170 925 1229 meritum,
935 1171 1013 1237 quim

108 1240 163 1292 qne
171 1229 259 1277 atatim
268 1230 460 1279 exsolverentur
469 1248 476 1280 r
485 1235 679 1299 necquidquam
689 1240 757 1290 ultr'a
765 1242 882 1294 traditur.
893 1247 1014 1297 Ceterairn

109 1311 137 1349 et
147 1302 273 1366 prioribus
283 1304 378 1352 civium
394 1304 469 1353 bellio
479 1320 525 1371 par
536 1309 618 1358 acelue
631 1311 767 1365 incideratr
782 1335 841 1367 narn
852 1319 950 1386 praelio,
961 1336 1012 1384 quo

108 1373 176 1437 apud
189 1372 332 1423 ianiculum
348 1374 482 1437 adrentum
494 1380 602 1429 Cinnam
619 1397 758 1451 pugnaturn
770 1402 820 1452 eat,
840 1391 1008 1457 Pompeianus

109 1445 183 1495 miles
194 1444 298 1518 fratrem
311 1464 401 1508 tuum,
412 1448 485 1508 dein,
498 1455 601 1519 cognito
613 1458 734 1519 facinore,
747 1465 858 1531 reiprnm
869 1465 1011 1526 interiecit,

94 1526 140 1568 ‘nt
149 1519 249 1571 strenua
261 1534 401 1571 memorat:
414 1524 485 1576 tanti>
496 1529 577 1578 acrior
588 1531 657 1596 apud
663 1535 785 1597 maiorer,
796 1540 862 1589 ricnt
872 1542 1010 1590 virtutibua

110 1590 204 1657 gloria,
219 1597 254 1643 ita
268 1596 371 1660 flagitiir
384 1600 533 1662 poenitentia
550 1600 607 1657 fuit.
625 1605 673 1654 Sed
689 1606 741 1658 hec
758 1611 871 1679 aliaque,
883 1631 913 1663 er
929 1616 1009 1665 veteri

107 1666 232 1716 memorii
241 1668 333 1734 petita,
344 1672 461 1742 quotient
471 1691 511 1724 ree
522 1677 643 1742 locusque
653 1685 768 1750 exempla
778 1688 854 1746 recti,
867 1700 909 1737 aut
920 1688 1009 1739 solatia

102 1741 167 1791 mali
176 1753 280 1808 puroet,
290 1741 358 1791 haud
367 1743 475 1795 absurde
487 1751 695 1807 memorabimus.

133 1814 193 1867 Lll.
207 1815 332 1877 Antonio,
342 1814 498 1882 ducibusque
513 1822 642 1885 partium,
660 1828 799 1888 «praemitti
811 1832 925 1895 equites,
941 1846 1001 1882 om.

103 1904 214 1952 nemque
224 1889 361 1939 Umbriam
372 1891 518 1956 explorarin
531 1894 644 1957 placuit,
656 1897 677 1942 ri
687 1897 736 1959 quai
748 1898 876 1967 Apennini
888 1907 944 1968 juga
954 1906 1007 1954 cle·
1069 1922 1074 1933 ¹

103 1961 220 2010 mentiira
230 1961 357 2013 adirentur
369 1980 374 2009 :
393 1963 471 2011 anoni
481 1965 577 2027 aquilae
585 1965 705 2031 signaque
714 2005 721 2028 ,
731 1981 756 2020 et
764 1973 888 2038 quidquid
899 1978 1011 2027 verone

104 2035 218 2085 militnm
225 2033 288 2085 loret
297 2055 303 2085 ι
312 2036 459 2099 Padumque
467 2032 493 2085 er
500 2052 569 2088 nrare
575 2042 758 2090 commeatibus
764 2047 887 2111 compleri
894 2068 918 2098 n.
928 2052 1008 2101 Erant

105 2107 174 2156 inter
184 2106 274 2171 docet,
287 2110 331 2174 qui
339 2119 471 2159 necterent
481 2125 567 2158 morat
577 2127 583 2157 :
596 2112 690 2178 quippe
698 2115 793 2164 nimina
803 2116 854 2178 jam
866 2118 1008 2184 Antonine,

103 2190 132 2229 et
143 2183 248 2233 certiora
258 2199 289 2235 ex
299 2184 418 2233 Muciano
430 2183 609 2249 sperabantur.
621 2185 736 2252 Namque
746 2188 893 2257 Mucianus,
904 2205 956 2243 tarn
966 2211 1007 2245 cc·

101 2251 153 2303 leri
165 2256 268 2307 victorii
280 2257 381 2317 anriur,
392 2268 433 2317 et,
449 2258 476 2305 ni
492 2273 600 2323 praeeeot
611 2260 673 2309 urbe
684 2263 821 2328 potiretur,
834 2277 963 2331 expertem
977 2285 1006 2319 ae

103 2329 165 2380 belli
180 2332 310 2397 gloriaque
325 2344 408 2392 ratus,
421 2329 453 2381 ad
469 2323 585 2397 Primum
596 2344 623 2383 et
634 2333 731 2385 Varum
741 2337 824 2388 media
835 2341 1008 2406 toriptitabat,

105 2405 402 2471 eimtandumcorptian,
419 2416 464 2454 aut
477 2420 565 2463 rurrur
586 2410 739 2460 ucunctandi
757 2411 899 2463 utilitates»
913 2415 1011 2464 editae--

100 2493 172 2541 rena,
187 2492 264 2545 atque
278 2481 312 2530 ita
324 2481 495 2546 compotitur,
509 2492 537 2529 ut
553 2497 583 2530 er
592 2495 683 2532 eventu
695 2501 781 2534 rerum
796 2484 898 2536 adversa
910 2490 1007 2541 abnue·

99 2565 154 2612 ret,
173 2555 214 2604 rel
230 2571 348 2620 proapera
358 2567 515 2620 agnosceret·
527 2556 642 2608 Plotium
653 2558 794 2626 Griphntn‚
804 2578 884 2627 nuper
894 2562 925 2611 ab
936 2564 1005 2613 Ver·

88 2660 90 2664 ⁴
98 2630 206 2693 patiano
216 2628 243 2675 in
251 2631 403 2679 cenatorium
412 2629 530 2678 ordinem
539 2631 656 2681 additum
665 2667 672 2688 ,
684 2632 816 2697 ae'legioni
825 2637 1004 2699 praepositum,

101 2713 249 2764 ceterosque
262 2701 308 2752 aibi
321 2701 384 2752 fidos
393 2701 644 2768 ,apertiirrsnonnit
656 2703 727 2768 lique
738 2720 840 2764 omner,
851 2705 885 2753 de
898 2705 1006 2757 lentina·

101 2775 173 2825 tione
187 2773 265 2824 Primi
282 2792 311 2826 ac
327 2777 390 2829 Vari
403 2774 522 2834 niniati,
541 2786 567 2824 et
585 2775 704 2825 Muciano
721 2777 833 2828 volentia
846 2781 1005 2847 rescripsere.

100 2850 201 2915 Quibus
216 2851 327 2916 epistolia
340 2851 500 2916 Vespasiano
519 2850 619 2911 miaeia,
635 2848 762 2916 effeceram
782 2864 811 2901 ut
827 2870 880 2902 non
890 2870 943 2920 pro
961 2872 1005 2925 ape

97 2920 220 2983 Antonii,
233 2922 464 2989 concilialactaqne
475 2923 528 2988 ejna
540 2923 735 2975 astruerentur.

131 2996 200 3047 Lttt.
216 2998 292 3065 AEgre
307 2999 334 3046 id
346 3000 400 3065 pati
413 3000 554 3055 Antonine,
576 3009 603 3046 et
614 2999 719 3064 ¹culpam
736 3000 760 3047 in
777 3001 923 3052 Mucianum
942 3019 1007 3054 oon·
1080 3072 1083 3077 Ι

95 3069 166 3122 terre
178 3108 184 3129 ,
203 3072 276 3137 cnjus
291 3074 511 3124 criminationibua
526 3071 676 3122 erilniasent
689 3073 800 3138 pericula
817 3091 860 3124 rna
872 3091 878 3123 r
891 3091 939 3125 nec
948 3092 1005 3127 eer-
1056 3114 1059 3118 ι

100 3145 219 3193 monibnr
237 3147 410 3212 temperabat,
421 3145 573 3196 immodicus
591 3143 677 3211 lingui
684 3179 693 3205 ,
708 3157 734 3195 et
748 3146 862 3212 obsequii
877 3148 1004 3199 incolent:

98 3218 195 3282 litterae
207 3221 239 3267 ad
250 3221 437 3289 Vespasianum
450 3223 606 3288 composuit,
624 3220 757 3297 iactantirir
773 3222 848 3285 quiam
864 3222 897 3271 ad
907 3225 1006 3288 princi-

97 3305 157 3356 pem
166 3327 173 3351 ,
183 3285 229 3340 nec
239 3294 294 3343 aine
301 3293 403 3343 occulit
413 3294 439 3342 in
447 3294 595 3343 Mucianum
606 3294 784 3344 insectatione:
794 3296 842 3344 oSe
851 3296 1007 3344 Pannonicae

95 3364 210 3437 legionen
218 3367 247 3421 in
257 3384 328 3424 erma
340 3371 419 3438 egisse
431 3386 437 3421 r
451 3370 504 3423 rnir
517 3371 628 3424 rumuli·
640 3370 735 3424 excitor
749 3370 842 3446 lloeaia
855 3369 947 3427 duces:
960 3369 1006 3421 rna
