2234 3817
344 226 579 269 nrsrorrtrtuu
600 228 664 263 nra.
687 228 727 263 rr.
924 220 987 294 '375

107 315 213 368 xcrn.
228 310 280 363 Sed
290 311 365 361 miles
371 348 379 376 ,
390 310 472 377 plenis
484 310 587 374 castris,
598 320 624 358 et
635 292 794 359 redundante
805 309 989 386 multitudine,

63 392 103 443 in
113 388 261 458 porticibus
269 396 316 435 aut
324 380 448 446 delubris,
461 395 487 434 et
495 384 559 434 urbe
570 383 624 432 toti
634 398 724 448 vagus,
734 399 785 432 uon
796 386 920 453 principia
929 409 991 442 nos.
1037 409 1045 427 ι

59 481 135 517 cere
148 501 155 523 ‚
167 479 221 513 uon
243 476 344 511 servare
358 459 472 524 vigilias,
483 474 565 524 neque
576 457 663 506 labore
676 456 772 506 firmari
785 474 847 523 :per
860 461 992 516 illecebras

64 611 241 663 minuebant.
254 606 403 667 Postremi),
415 622 447 657 ue
461 606 549 657 salutis
559 606 664 673 quidem
677 621 737 655 cura
751 622 758 655 r
771 606 907 659 infamibus
917 613 992 664 Vati-

65 687 140 735 cani
152 683 214 733 loeis
230 692 322 748 magua
338 697 397 749 pare
410 680 534 747 tetendit,
548 681 615 730 unde
630 680 721 730 crebre
736 680 766 728 in
780 681 869 747 vulgus
883 698 991 738 morter.
1044 740 1048 747 ,

67 767 109 818 Et
121 765 257 830 adjacente
266 763 371 827 Tiberi,
381 764 569 814 Germanorum
579 763 762 827 Gallorumque
776 762 885 814 obnoxia
895 767 993 819 morbis
1026 790 1027 795 ¹

68 856 190 907 corpora
201 839 313 890 fluminis
325 838 446 901 ariditas,
458 851 486 890 et
496 840 570 891 restire
582 840 741 906 impatientia
749 838 875 890 labeleoit.
885 844 993 911 Insuper

69 913 217 978 confusus,
225 913 353 980 pravitate
364 913 404 963 vel
415 915 527 975 ambitu,
540 915 604 965 ordo
614 914 719 963 militiae.
732 913 847 963 Sedecim
857 920 990 985 praetoriae,

69 1004 189 1061 quatuor
202 993 304 1042 urbanae
316 992 434 1044 cobortes
451 995 640 1053 scribebantur,
651 994 708 1058 quis
717 995 814 1059 singula
826 996 907 1044 millia
921 998 990 1046 ines-

71 1081 146 1118 sent.
154 1068 217 1117 Plus
227 1067 253 1116 in
261 1083 292 1116 eo
302 1066 401 1116 delectu
411 1068 504 1118 Valens
512 1067 632 1127 audebat,
643 1079 763 1131 tanquam
771 1071 854 1134 ipsum
865 1071 990 1119 Caecinam

72 1141 199 1208 periculo
208 1141 346 1190 exemisset
356 1157 362 1188 t
374 1140 433 1189 sane
442 1140 554 1190 adventu
562 1141 615 1204 ejus
623 1142 816 1202 convaluerant,
825 1154 851 1191 et
859 1143 989 1192 sinistrum

71 1214 143 1264 lenti
159 1214 260 1263 itineris
269 1229 397 1262 rumorem
408 1230 531 1285 prospero
541 1215 629 1281 praelio
640 1227 751 1265 verterat
761 1234 767 1265 :
779 1217 910 1282 omnisque
923 1214 989 1264 inie-

74 1294 162 1346 rioris
179 1292 320 1343 Germania
336 1294 409 1342 miles
428 1295 563 1346 Valentem
580 1295 756 1349 adsectabatur
772 1314 778 1346 :
794 1295 861 1345 unde
876 1295 990 1362 primirm

74 1366 197 1418 creditur
213 1368 312 1416 Carine
326 1366 388 1418 fides
398 1368 521 1418 tluitbsse.
596 1406 598 1408 ψ

117 1440 210 1491 XCIV.
222 1441 341 1492 Ceterirm
352 1460 404 1492 non
413 1447 447 1493 ita
458 1443 566 1493 ducibus
575 1445 681 1494 indulsit
688 1443 820 1503 Vitellius,
830 1455 859 1493 ut
870 1460 921 1492 non
930 1444 989 1510 plus

75 1515 162 1565 militi
169 1516 253 1566 liceret
261 1533 267 1566 τ
275 1518 322 1567 sibi
331 1519 437 1586 quisque
446 1520 567 1568 militiam
578 1519 707 1585 sumpsere
717 1536 723 1566 :
733 1519 848 1584 quamvis
855 1517 989 1584 indignus,

77 1591 102 1641 si
114 1592 151 1642 ita
162 1593 299 1655 maluerat,
310 1594 414 1642 urbane
425 1594 522 1644 militia
535 1595 725 1645 adscribebatur
736 1614 741 1644 :
751 1594 836 1645 rursbs
849 1595 936 1657 bonis,
948 1612 989 1644 re·

76 1681 185 1715 manere
198 1668 262 1715 iuter
273 1667 429 1732 legionarios
441 1666 491 1718 aut'
498 1670 577 1720 alares
588 1671 745 1734 volentibus,
757 1672 908 1736 permissum
922 1687 927 1718 :
940 1684 988 1718 nec

77 1744 187 1796 deerant
195 1747 239 1812 qui
249 1746 358 1811 vellent,
367 1746 427 1797 lessi
435 1750 542 1811 morbis,
549 1762 578 1817 et
585 1751 763 1817 intemperiem
771 1750 828 1800 coeli
836 1751 989 1800 incusantes·

75 1822 181 1871 Robora
193 1833 281 1870 tamen
288 1822 430 1886 legionibus
438 1824 533 1886 alisque
541 1825 669 1873 subtracta
679 1826 839 1872 :convulsum
847 1836 989 1874 castrorum
1001 1872 1006 1877 .

77 1893 172 1951 denum
182 1896 274 1959 viginti
289 1895 414 1951 millibus,
425 1894 439 1942 b
451 1905 506 1943 toto
517 1896 646 1951 exercitu,
658 1895 789 1959 permixtis
803 1895 895 1959 magis,
909 1895 987 1960 quim

78 1969 179 2019 clectis.
192 1969 361 2017 concionante
375 1967 493 2027 Vitellio,
506 1969 668 2034 postulantur
682 1966 735 2016 «ad
746 1969 899 2032 supplicium
912 1969 987 2018 Asia·

79 2043 157 2102 ticus,
166 2052 191 2090 et
196 2042 306 2102 Flavius,
315 2041 542 2102 etRufinus,‹luces
548 2040 771 2104 Galliarum,qubd
777 2039 988 2106 proVindicebel.

77 2113 604 2187 ldssent'n.Neccoercebatejusmodirooes
611 2114 741 2166 Vitellius:
751 2113 930 2179 superinsitsm
937 2114 991 2164 ani·

78 2212 123 2247 mo
130 2195 388 2262 ignariam‚conscius
395 2196 445 2245 tibi
453 2196 546 2247 instare
552 2195 712 2252 donativum,
721 2204 748 2244 et
753 2193 838 2245 deesse
845 2195 989 2259 pecuniam,

80 2271 168 2320 omnia
179 2270 227 2319 alia
240 2269 318 2319 militi
331 2270 493 2336 largiebatur.
505 2268 603 2319 Liberti
614 2271 776 2337 principum,
794 2286 809 2317 a
819 2267 933 2316 conferre
942 2285 990 2334 pro

82 2359 193 2393 numero
204 2346 389 2410 mancipiorum
399 2360 429 2403 r),
440 2355 470 2394 ut
480 2343 618 2405 tributum,
631 2343 703 2409 jussi.
718 2344 789 2411 lpse,
801 2342 855 2392 sola
866 2340 991 2408 perdendi

81 2417 158 2476 cura,
168 2419 266 2467 stabula
277 2420 372 2483 aurigis
385 2431 512 2469 exstruere
525 2437 531 2467 :
544 2421 638 2468 circum
649 2419 819 2484 gladiatorum
831 2420 991 2481 leraruurque
1014 2412 1018 2415 ’

83 2502 240 2625 ⁸¹slpegtarulis
257 2500 381 2567 opplere:
401 2513 523 2567 tauquam
541 2503 568 2551 in
584 2500 682 2552 summi
698 2498 867 2564 abundantii,
881 2499 992 2564 pecuniae
1040 2523 1043 2529 ⁴

115 2591 132 2622 u
153 2592 204 2623 ere.

119 2646 202 2697 XCV.
217 2650 286 2712 Quin
298 2661 323 2699 et
334 2653 442 2702 natalem
453 2648 554 2702 Vitellii
565 2650 643 2710 diem,
656 2650 788 2709 caecinnae
797 2647 904 2702 Valens,
913 2645 991 2694 'editis

86 2719 145 2770 tota
152 2719 214 2766 urbe
221 2723 321 2772 vicatim
329 2725 518 2790 gladiatoribus,
527 2723 692 2779 celebravere,
698 2721 792 2787 ingenti
799 2729 894 2784 paratu,
901 2728 991 2766 etante

86 2800 164 2849 illum
176 2798 242 2848 diem
257 2804 368 2854 insolito.
382 2807 478 2856 Latum
489 2803 628 2853 foedissimo
642 2802 746 2866 cuique,
758 2797 916 2865 apudbouos
924 2800 991 2847 iuri·

86 2872 135 2921 diae
147 2870 208 2934 fuir,
220 2875 294 2939 qudd
305 2880 441 2928 exstructis
454 2880 480 2927 in
491 2890 581 2942 campo
593 2874 687 2924 Martio
699 2875 762 2933 aris,
778 2870 879 2921 inferias
889 2871 991 2927 Neroni

86 2943 189 2996 l'ecisset
205 2966 210 2994 :
224 2963 292 2997 caesae
306 2951 407 3015 publice
425 2950 530 2999 victime
546 2956 709 3013 cremataeque
723 2963 731 3002 ιΔ
741 2944 823 2995 lacem
839 2942 991 3011 Augustales

86 3016 239 3068 subdidere:
250 3022 319 3087 quod
330 3021 514 3080 sacerdotium,
527 3032 555 3070 ut
565 3021 691 3087 Romulus
702 3020 778 3072 Tatio
789 3019 854 3084 regi,
865 3020 899 3068 ita
911 3020 992 3068 Cesar

85 3099 204 3148 Tiberius
215 3098 228 3147 J
231 3101 286 3148 ulie
296 3103 368 3168 genti
377 3101 495 3150 sacrarit.
504 3088 626 3150 Nondum
632 3110 736 3164 quartus
747 3097 760 3147 'a
770 3099 874 3149 victoria
884 3100 992 3173 mensis,

88 3184 113 3222 et
129 3166 238 3222 tiberini
253 3175 356 3224 Vitellii
372 3174 516 3232 Asiaticus,
530 3174 689 3241 Polycletos‚
704 3173 852 3233 Patrobios,
866 3184 892 3221 et
902 3184 993 3229 ‚vetera

88 3246 209 3296 odiorum
222 3248 327 3297 nomina
339 3247 463 3312 aquabst.
475 3246 559 3297 Nemo
569 3245 709 3297 inirttauta
718 3246 844 3312 probitate
855 3254 899 3293 aut
910 3243 995 3293 indus·

89 3319 138 3370 trial
146 3322 254 3377 certavit
266 3340 271 3369 :
284 3339 365 3371 unum
376 3321 409 3370 ad
418 3321 556 3387 potentiam
565 3319 849 3386 iter,prodigisepulls,
861 3329 887 3365 et
893 3327 996 3381 sumptu

90 3393 218 3458 ganelque
230 3398 319 3446 satiare
329 3395 493 3462 inexplebiles
499 3395 599 3455 Vitellii
606 3391 733 3443 libidines.
742 3390 800 3458 lpse
807 3389 906 3451 abunde
915 3400 995 3446 ratus,

91 3468 113 3517 si
119 3469 287 3535 praesentibus
294 3471 435 3533 frueretur,
445 3484 491 3522 uec
498 3471 524 3521 iu
533 3469 635 3535 lougius
642 3466 798 3527 consultans,
808 3462 894 3515 novies
902 3460 995 3512 millies
