2234 3817
109 170 159 234 174
423 182 439 218 e
465 172 559 212 eorus
577 150 693 211 aterni
719 178 723 185 ,
978 139 993 205 ι’

103 252 239 327 'lattigium
245 257 385 325 Agrippina
392 255 516 304 extollere
522 253 611 319 altihs3
621 264 743 320 carpento
749 252 905 323 Capitolium
914 258 1024 326 ingredi,

112 336 157 400 qui
171 349 242 391 mot,
254 327 426 381 sacerdotibut
434 339 462 376 et
471 328 547 376 sacris
559 325 700 390 antiqnittia
708 343 861 389 mnesteus,
874 336 1025 383 veneratio·

111 424 172 458 nem
185 408 292 473 augebat
306 403 421 460 femina,
439 418 515 467 quam
529 402 681 466 imperatore
697 403 826 467 genitam,
843 421 955 456 sororem
967 410 1025 474 ejus
1049 412 1054 417 “

110 481 247 544 quitatum
255 478 351 543 potitus
362 476 406 537 sit,
421 472 589 538 etecajugem
599 508 605 530 ,
616 484 641 521 et
651 483 761 523 matrem
770 472 862 534 luisse,
874 481 977 530 unicum
989 482 1025 532 ad

111 553 182 602 hunc
192 551 259 600 diem
271 550 417 616 exemplum
426 558 476 597 est.
486 546 556 595 luter
566 562 621 612 quae
633 548 776 613 precipuus
784 564 958 615 propugnator
969 555 1026 620 eius

113 625 248 682 Vitellius,
265 620 421 673 validissimi
435 621 532 687 gentil,
548 632 622 669 atate
634 620 749 670 extremi
761 621 836 687 (adeo
851 626 952 675 incertae
965 638 1027 678 sunt

112 702 256 769 potentium
265 698 321 767 res)
335 690 492 749 accusatione
503 699 655 764 corripitur,
668 697 796 748 deferente
805 701 880 749 sunio
891 702 965 769 bupo
975 720 1022 752 se-

113 789 213 829 natore.
226 775 252 825 la
264 777 371 825 orimim
385 773 543 837 maiestatis,
560 785 588 820 et
599 773 743 840 cupidinem
758 776 860 843 imperii
874 778 1028 841 objectabat.

112 850 310 914 Prabnissetque
324 864 404 897 aures·
414 850 510 909 Cesar,
524 847 575 895 nisi
589 845 735 912 Agrippina
747 850 825 898 minis
840 851 934 915 magis,
951 840 1030 916 quim

113 925 245 991 precibus,
259 935 371 972 mutatus
386 934 467 985 esset,
485 933 512 970 ut
528 920 670 969 accusatori
682 918 747 985 aqud
759 932 834 988 atque
848 924 905 989 igue
919 925 1040 985 interdiq

115 1008 184 1050 cetet
196 1014 202 1045 ι
216 998 336 1046 hactenus
345 996 466 1045 Vitellius
479 996 608 1043 voluerat.

148 1071 243 1120 XLlll.
255 1071 337 1120 Multa
348 1082 379 1118 eo
388 1085 455 1117 anno
465 1066 583 1134 prodigia
596 1066 714 1118 evenere.
727 1066 852 1117 insessum
864 1067 925 1116 diris
936 1062 1027 1121 a'vibua

117 1143 271 1209 capitolium
283 1161 289 1191 ε
300 1143 395 1193 crebris
404 1153 475 1191 terrae
486 1140 601 1189 motibus
610 1154 722 1205 proruta
731 1140 820 1190 domus
829 1159 834 1189 ε
843 1157 871 1189 ac
879 1139 941 1190 dum
949 1141 1031 1195 letitie

116 1218 248 1274 metuitur,
261 1215 430 1282 trepidatione
441 1213 525 1278 vulgi,
539 1212 666 1262 invalidus
682 1214 787 1279 quisque
799 1214 897 1263 obtriti.
914 1216 1032 1281 Prugum

117 1298 338 1355 quoqueegestae,
351 1300 378 1337 et
389 1298 445 1336 orta
461 1300 492 1334 ex
505 1301 536 1335 eo
546 1285 641 1351 lumea,
655 1288 681 1336 in
693 1287 840 1352 prodigium
850 1289 1032 1354 accipiebatur.

117 1363 170 1413 Nec
183 1352 275 1412 deculti
288 1360 387 1411 tautirm
399 1371 519 1426 queatus3
538 1359 584 1408 sed
598 1359 654 1424 jura
665 1360 817 1410 reddentem
831 1361 970 1411 Claudiurn
984 1365 1035 1414 cir-

121 1437 268 1485 cumvasere
278 1434 429 1484 clamoribus
436 1432 557 1490 turbidis,
570 1434 723 1498 pulsumque
732 1436 758 1483 in
766 1446 908 1484 extremam
916 1435 965 1487 lori
972 1456 1035 1504 par·
1071 1461 1083 1479 ι

121 1520 175 1559 tem
184 1514 209 1556 vi
217 1509 339 1574 urgebant
350 1546 356 1563 ,
370 1507 450 1557 donec
459 1506 571 1556 militum
581 1507 655 1573 globo
664 1508 774 1557 infensos
783 1511 909 1576 perrupit.
920 1511 1034 1577 Quinde-

124 1585 173 1633 cim
186 1583 284 1631 dierum
300 1583 419 1630 alimento
435 1581 493 1628 urbi
503 1618 510 1644 ,
522 1598 574 1631 uon
590 1584 712 1647 amplius,
727 1582 883 1649 superfuisse
895 1587 1010 1635 constitit
1023 1602 1032 1634 t

120 1656 260 1721 magnique
274 1654 351 1703 decim
361 1655 517 1719 benignitate
527 1690 534 1712 ,
546 1654 708 1715 ,elmodenia
722 1655 814 1706 hiemis
828 1658 902 1705 rebus
912 1659 1036 1708 extremit

120 1731 283 1782 subventum.
297 1728 333 1779 At
349 1728 451 1777 hercule
468 1729 530 1776 olim
545 1742 578 1776 ex
590 1729 670 1781 ltaliae
683 1730 830 1793 regionibus
842 1730 990 1793 longinquas
1004 1734 1032 1779 iu

119 1802 264 1873 provinciae
279 1802 437 1851 commeatus
450 1803 589 1866 portabant
602 1819 608 1850 ε
622 1814 669 1850 nec
679 1817 747 1850 nunc
758 1799 939 1851 infecunditate
953 1802 1032 1850 labo·

121 1888 204 1935 ratur,
215 1875 260 1925 aed
268 1874 380 1925 Ahioam
390 1873 475 1941 potitis
486 1886 511 1922 st
520 1870 657 1943 AEgy'ptum
665 1887 808 1923 exercemus
817 1909 825 1935 ,
838 1873 999 1941 utribusque
1007 1883 1037 1925 et

122 1952 222 2001 casibus
234 1953 287 1999 rita
296 1949 387 2017 populi
396 1949 504 1998 Romani
514 1949 638 2013 permissa
649 1960 696 1997 cst.

155 2023 248 2076 XLIV.
255 2024 353 2074 Eodem
361 2039 428 2074 anno
436 2020 531 2069 bellum
541 2022 607 2070 iuter
616 2021 750 2071 Armenios
758 2012 897 2086 lberosque
904 2031 1036 2083 exortum,

121 2098 369 2165 Parthirquoqueac
376 2098 498 2148 Romanis
507 2096 720 2163 gravissimorum
730 2096 797 2145 iuter
806 2111 831 2143 se
840 2107 957 2143 motuum
965 2113 1039 2145 eausa

123 2174 182 2225 inita
191 2176 425 2225 Gentil’artborum
436 2173 575 2239 Vologeses
586 2174 769 2239 imperitabat,
780 2169 894 2219 maternal
904 2170 1040 2235 origineex

124 2250 216 2314 pellice
230 2249 328 2308 Graeci,
339 2264 461 2299 concentu
468 2248 577 2297 fratrum
589 2264 697 2312 regnum
707 2244 823 2311 adeptus.
835 2244 925 2292 lberos
933 2244 1042 2293 Pharas·

125 2335 212 2370 manea
220 2323 318 2370 vetusti
327 2324 487 2388 possessione
496 2359 504 2389 ‚
516 2320 743 2371 Armeniuesrater
751 2319 805 2380 ejus
814 2315 981 2366 Mithridates
991 2317 1041 2366 ob-

124 2394 235 2454 tinebat,
251 2396 341 2460 opibus
356 2399 456 2450 nostris.
474 2396 536 2446 Erat
548 2391 712 2442 Pharasmani
728 2391 795 2438 filius
808 2389 913 2436 nomine
930 2388 1043 2437 Rhada-

118 2468 232 2527 .tnietus,
243 2467 334 2519 decori
344 2472 506 2538 proceritate,
522 2469 547 2517 vi
564 2466 678 2530 corporis
691 2462 811 2527 insignis,
825 2471 851 2508 et
862 2462 957 2527 patrias
971 2474 1056 2513 artes·

126 2542 243 2608 edoctus,
253 2544 367 2610 clarique
377 2538 626 2596 interaccolaesaml.
638 2536 684 2586 als
691 2536 823 2586 modicum
830 2532 920 2584 lberiae
928 2552 1041 2602 regnum

126 2620 226 2669 teneotl
236 2620 315 2687 patris
326 2619 454 2671 detineriu
462 2615 570 2671 ferocius
577 2612 728 2681 crebibsque
738 2612 857 2677 jactabat,
866 2609 943 2674 quim
953 2622 983 2660 ut
991 2626 1044 2658 cu·

127 2687 1042 2763 pidinemoccultaret.IgiturPh'arasmaneeiuvenempotentiaepromptae

128 2777 154 2815 et
165 2769 250 2817 studio
261 2771 423 2836 popularium
435 2771 577 2823 accinctum
587 2805 595 2830 ‚
607 2761 827 2831 vergentibusiam
837 2760 910 2809 annis
925 2760 1042 2809 suisme-

131 2846 221 2899 tuens,
235 2844 310 2891 aliam
321 2842 353 2892 ad
363 2858 432 2908 spem
443 2841 558 2906 trabere,
571 2841 769 2893 etArment'am
781 2843 922 2897 ostentare,
937 2834 1040 2899 «pulsis

93 2956 97 2965 ,,
126 2914 243 2972 Parthis,
260 2916 344 2963 datam
353 2914 519 2964 Mithridatii
533 2926 633 2965 temeto
646 2909 811 2971 memorando
824 2927 830 2958 :
842 2906 886 2957 sed
898 2907 974 2955 arim
987 2903 1044 2955 dif-

126 2985 257 3036 lerendam
268 3023 274 3042 ,
285 2999 311 3036 et
321 2987 449 3053 potiorem
461 2984 567 3049 dolum,
580 3006 630 3054 quo
639 2990 769 3036 incautum
784 2984 986 3050 opprimerent».
997 2978 1039 3029 lta

124 3057 321 3120 Rhadamnos,
334 3058 453 3110 simulati
464 3060 586 3112 adversus
598 3074 697 3128 patrem
707 3056 854 3119 discordia,
866 3068 983 3120 tanquam
995 3070 1045 3102 uo·

125 3140 206 3180 tersae
214 3133 278 3183 odiis
288 3135 377 3201 impar,
385 3134 465 3201 pergit
473 3134 506 3182 ad
514 3149 634 3203 patruum
645 3155 651 3185 ε
663 3135 796 3198 multique
809 3132 839 3181 ab
848 3147 880 3179 eo
889 3129 1006 3178 comitate
1018 3127 1046 3176 iu

125 3205 236 3270 speciem
246 3206 356 3257 liberrim
366 3207 465 3262 cultus,
479 3209 604 3272 primores
614 3207 797 3257 Armeniorum
808 3201 841 3252 ad
851 3218 890 3251 res
901 3219 981 3250 noras
989 3200 1047 3250 illi·

126 3278 176 3329 cit.
188 3278 274 3342 ignaro
286 3292 311 3327 et
322 3289 427 3327 ornante
443 3279 545 3343 insuper
554 3279 713 3333 Mithridate.

158 3344 476 3399 XLVrReconciliationis
485 3352 568 3414 specie
579 3351 731 3419 adsumpti,
744 3363 875 3416 regressus
885 3345 918 3394 ad
928 3357 1030 3412 patrem
1040 3382 1047 3405 ,

127 3436 143 3467 a
151 3437 204 3484 qua
215 3420 303 3472 lraude
315 3422 402 3470 confici
414 3423 563 3485 potuerint,
578 3439 723 3493 promptas
744 3424 844 3476 nuntiat
851 3459 859 3487 ,
872 3431 955 3470 cetera
968 3414 1049 3471 aruris
