2234 3817
324 180 574 242 ‘arsronra'nun
602 208 664 242 ssu.
692 209 739 246 tv.
941 202 991 255 415

101 282 198 339 terfieit.
208 282 329 325 Antonius
336 284 436 326 Primus
444 285 477 343 ud
484 285 663 340 Vespasianum
671 289 841 344 prttstciscr'tur.
855 293 880 336 V
878 298 987 350 esposic-

100 359 147 391 nus
153 342 281 404 quemdam
290 346 377 402 oculis,
386 352 410 388 et
419 347 496 389 alium
505 360 577 389 mun
586 356 683 404 captum
688 352 790 394 sanitati
798 356 911 399 restituit.
926 357 989 399 Corr-

88 408 214 463 firmatur
224 407 306 450 omine
316 406 397 450 oblato
407 408 432 450 in
443 407 494 450 oesle
507 410 629 464 Sempidis
642 423 649 451 :
663 411 730 462 cuius
738 412 779 455 dei
792 418 858 472 origo
868 424 892 458 et
901 431 990 462 nonreu

99 467 148 510 tac
157 468 286 510 occasione
295 469 430 524 exponitur.
442 469 588 513 Valentinus
599 471 753 514 Treverorum
762 474 925 530 duarpunr'tur.
938 481 991 522 Do·

102 529 221 571 mittamus
235 526 355 590 Cerialem
365 537 449 584 tentat,
461 531 550 574 nasibi
566 534 700 576 exercitum
711 537 886 598 imperiumque
895 543 990 587 tradere

12 615 18 619 -
99 588 170 633 velit.
183 588 256 632 Gesta
264 591 356 646 partim
363 587 443 634 adduc
450 592 533 636 eodem
543 607 620 651 anno,
628 598 720 652 partim
888 608 892 615 ’

259 729 324 798 Imp.
338 735 434 783 Caesare
447 723 603 800 Vespasiano
615 735 682 801 Aug.
698 737 732 790 ll.

250 804 295 854 ’Τ.
304 808 393 859 Flavio
404 810 554 875 Vespasiani
562 811 630 876 Aug.
640 810 670 862 F.
683 814 777 862 Caesare
787 816 954 883 Vespasiano.

115 783 193 839 Coss·

74 1005 98 1055 1.
118 972 335 1055 Iursnrucro
347 996 467 1053 Vitellio,
484 996 582 1044 bellum
598 997 678 1061 magis
697 997 816 1060 desierat,
835 1002 911 1066 quim
927 1022 976 1072 pat

74 1087 197 1144 caeperat.
207 1073 307 1124 Armati
314 1086 358 1138 per
365 1071 455 1119 urbem
464 1071 587 1130 victores,
601 1071 756 1137 implacabili
764 1074 823 1125 odio
832 1078 912 1128 victos
922 1095 986 1134 con<

74 1150 251 1209 sectabantur:
261 1147 340 1212 plenas
350 1143 522 1202 cedibus‘uise,
536 1146 641 1193 druenta
651 1145 704 1194 lora
720 1149 876 1213 templaque,
891 1154 986 1217 passim

76 1223 216 1286 trucidatis,
226 1233 255 1270 ut
262 1234 387 1287 quemque
395 1217 448 1268 fors
457 1219 593 1268 obtulerat.
599 1217 637 1268 Ac
647 1237 707 1270 mox
715 1232 864 1287 augescente
873 1227 986 1286 licentii,

79 1297 204 1361 scrutari,
216 1310 249 1344 ac
255 1291 403 1361 protrahere
413 1292 513 1341 abditos
524 1309 530 1341 ε
543 1293 565 1340 si
576 1309 653 1358 quem
668 1310 802 1360 procerum
811 1297 898 1348 habitu
909 1312 935 1348 et
944 1300 989 1360 iu⁴

82 1370 158 1419 venti
167 1378 350 1435 conspexerant
357 1402 364 1427 ,
376 1365 541 1427 obtruncare,
554 1368 628 1415 nullo
637 1369 764 1431 militum,
777 1381 820 1418 aut
831 1373 921 1438 populi
934 1374 989 1422 dis.

79 1447 194 1494 crimine.
205 1445 267 1509 Quae
278 1442 379 1500 saevitia,
391 1442 535 1490 recentibus
546 1440 623 1501 odiis,
632 1443 918 1510 sanguiueexplebatur,
930 1446 990 1495 dein

78 1519 226 1569 verterat'iu
238 1515 372 1566 avaritiam
386 1530 392 1561 z
405 1514 470 1562 nibil
482 1531 590 1578 usquam
601 1527 728 1564 secretum
739 1529 784 1566 aut
797 1518 910 1567 clausum
922 1521 992 1569 sine·

75 1594 142 1651 hant
148 1629 156 1652 ,
167 1590 343 1644 «Vitellianos
354 1587 477 1637 occultari
486 1606 501 1636 u
513 1589 672 1639 simulantes.
684 1589 792 1649 initium
803 1591 828 1639 id
837 1593 993 1659 perfringen-

77 1667 167 1718 darum
181 1665 322 1728 domuum3
341 1663 383 1713 vei
399 1664 421 1712 si
439 1664 619 1723 resisteretur,
633 1680 708 1715 causa
725 1665 798 1714 caedis
816 1685 822 1714 :
839 1683 886 1715 nec
903 1666 991 1715 deerat
1052 1727 1054 1731 ἢ

12 1794 13 1797 ,
75 1742 258 1807 egentissimus
270 1736 381 1804 quisque
393 1754 426 1788 ex
438 1738 513 1804 plebe
527 1756 533 1787 :
546 1751 573 1788 et
586 1741 689 1803 pessimi
698 1741 871 1793 ,servitiorum
883 1740 992 1806 prodere

13 1808 14 1813 ¹
77 1816 143 1866 ultro
160 1815 225 1864 dites
240 1812 359 1861 dominos
371 1829 378 1858 ε
390 1813 434 1860 alii
450 1812 481 1857 ab
499 1813 588 1858 amicis
603 1814 820 1863 monstrabantur.
833 1815 934 1880 Ubique
948 1816 991 1873 la-

78 1901 180 1946 menta,
194 1883 424 1938 conclamationes,
436 1891 463 1928 ct
475 1879 579 1929 sortnna
591 1894 669 1946 captae
686 1884 758 1931 urbis
772 1901 778 1932 ε
792 1884 856 1934 adeo
867 1899 896 1936 ut
907 1887 993 1937 otho·
1003 1920 1021 1931 v

12 1964 13 1967 ’
75 1962 148 2011 niani
158 1958 339 2024 Vitellianique
351 1954 442 2005 militis
452 1951 581 2002 inuidiosa
591 1966 666 2002 antea
677 1955 819 2019 petulantia
832 1957 992 2011 desiderare-

74 2049 131 2093 tur.
145 2034 225 2083 Duces
239 2036 365 2100 partium,
379 2027 540 2080 accendendo
554 2029 624 2078 civili
637 2028 707 2077 bello
719 2046 788 2078 acres
799 2068 807 2095 ,
819 2029 990 2099 temperandas

75 2109 188 2159 victoria
201 2107 324 2172 impares:
339 2106 434 2171 quippe
444 2103 469 2152 in
485 2103 609 2152 turbasse
621 2100 760 2157 discordias
770 2103 882 2169 pessimo
898 2107 991 2172 cuique

75 2184 186 2252 plurima
197 2183 234 2231 vis
249 2197 255 2228 ε
268 2197 317 2245 pax
327 2192 353 2228 ct
362 2182 433 2244 quies
444 2179 519 2228 bonis
528 2178 625 2229 artibus
636 2176 759 2243 indigent.

108 2255 143 2306 ΙΙ.
157 2256 257 2306 Nomen
271 2254 406 2318 sedemque
419 2254 522 2303 Caesaris
530 2251 695 2305 Domitianus
708 2264 859 2321 acceperat5
872 2253 989 2313 nondum

75 2329 108 2379 ad
121 2347 195 2380 ouras
211 2331 335 2389 intentus,
352 2328 396 2379 sed
413 2330 506 2395 stupris
517 2339 544 2376 at
555 2326 687 2376 adulteriis
697 2327 777 2376 filium
792 2331 914 2397 principis
928 2347 991 2396 age·

73 2403 130 2453 bat.
150 2403 300 2453 Praefectura
312 2404 423 2469 praetorii
431 2402 630 2470 penesArrinm
641 2402 740 2451 Varum
756 2420 762 2451 ε
780 2419 879 2454 summa
897 2418 992 2471 poten·

39 2525 42 2529 Δ
74 2479 115 2527 tin
127 2480 153 2527 in
172 2478 259 2527 Primo
276 2476 390 2528 Antonin
411 2493 418 2525 t
440 2479 461 2526 is
480 2478 614 2544 pecuniam
631 2476 816 2543 familiamque,
834 2479 848 2526 ὲ
869 2480 990 2544 principis

74 2550 170 2611 domn,
189 2553 262 2617 quassi
280 2553 476 2602 Cremonensem
490 2551 615 2617 praedam,
628 2570 735 2618 rapere:
752 2553 829 2600 ceteri
849 2551 973 2601 modestii
981 2588 988 2611 ,

72 2626 115 2675 vel
133 2627 311 2690 ignobilitate,
330 2627 400 2677 utin
419 2627 488 2675 belin
504 2625 622 2681 obscuri,
640 2628 673 2673 ita
691 2628 852 2690 praemiorum
866 2640 992 2689 expertes·

74 2697 177 2746 Civitas
190 2695 281 2762 pavida
289 2733 297 2757 ,
305 2710 330 2746 et
345 2700 449 2749 servitio
458 2710 562 2764 parata,
578 2714 592 2745 s
604 2698 721 2762 occupari
733 2697 883 2746 redeuntem
891 2699 989 2747 Tarra-

74 2769 134 2821 cini
143 2769 373 2824 L.Viteliiumcum
380 2773 538 2832 cohortibus,
548 2773 724 2838 exstinguique
730 2771 827 2835 reliqua
832 2772 990 2838 bellir,pcs·
1004 2792 1009 2795 ·

74 2843 182 2894 tulabat.
193 2844 321 2897 Praemissi
334 2849 445 2899 Ariciam
458 2847 574 2910 equites:
587 2862 677 2912 agmen
686 2846 814 2910 legionum
827 2845 894 2893 intra
902 2844 991 2893 Bovil-

72 2919 112 2967 las
124 2918 204 2968 stetit.
217 2919 269 2971 Nec
284 2932 417 2970 cunctatus
428 2932 468 2969 est
480 2920 614 2979 Vitellius,
626 2935 702 2983 seque
718 2930 744 2968 et
752 2917 871 2966 cohortes
883 2917 990 2967 arbitrio

73 2991 179 3042 victoris
192 2996 352 3058 permittere.
367 2996 399 3044 Et
415 2990 489 3042 mile‘s
508 2991 618 3042 infelicia
638 3009 721 3053 arma,
742 2991 811 3043 haud
832 2991 917 3041 minin
936 2990 989 3051 irai,

73 3064 153 3131 quim
164 3078 233 3115 metu
245 3067 347 3132 abjecit.
359 3070 462 3133 Longus
474 3067 620 3116 deditorum
633 3066 712 3126 ordo,
723 3079 809 3134 septus
819 3068 990 3131 armatis,pcr

74 3138 167 3187 urbem
176 3140 294 3190 incessit:
305 3158 383 3191 nemo
394 3142 502 3208 supplici
510 3142 600 3204 vultu,
611 3140 655 3189 sed
666 3143 751 3192 tristes
762 3153 788 3191 et
799 3153 896 3198 truces,
908 3152 933 3190 et
942 3138 990 3193 ad,-

72 3236 176 3274 versum
184 3223 289 3290 plausus
302 3241 332 3274 ac
342 3226 473 3275 lasciviam
481 3225 627 3275 insultantis
638 3223 710 3290 vulgi
721 3224 879 3299 immobiles:
894 3237 988 3289 paucos

71 3312 206 3363 erumpere
217 3311 307 3360 ausos,
321 3297 478 3363 circumjecti
487 3299 599 3364 pressere
614 3317 621 3346 ε
639 3300 717 3347 ceteri
728 3300 755 3347 in
767 3297 909 3347 custodiam
922 3312 990 3344 con·
1014 3318 1016 3322 ¹

70 3369 208 3421 ditiNihil
215 3370 602 3440 quisquamlocutusindignum;
610 3383 644 3431 et,
651 3389 795 3437 quanquam
802 3374 866 3421 inter
873 3372 988 3429 adversa,

73 3444 143 3500 satra
151 3444 256 3504 suturis
268 3444 345 3509 istus·
352 3446 419 3503 Dein
425 3447 456 3539 L:
464 3446 587 3505 Vitellius
593 3444 754 3510 interficitur,
764 3463 820 3568 paq
818 3447 887 3568 vigris
893 3445 990 3508 irruis,
