2234 3817
116 164 178 215 tad·
430 172 454 211 a.
472 174 563 210 sorr.
580 169 692 209 aserai

116 256 262 321 segnitiam,
272 253 386 321 quamvis
394 253 522 304 crudelem
533 254 672 325 principem
679 270 731 303 non
739 261 868 313 metuens,
877 252 1026 306 illustribus

117 329 181 379 viris
188 320 343 394 perniciem,
353 329 418 377 inter
428 344 531 392 ganeam
540 334 571 378 ite
581 341 683 394 stupra,
693 326 877 377 meditabatur.

149 403 183 453 V.
196 403 260 452 Exin
270 405 345 453 Cotta
354 401 514 451 Messallinus
520 438 530 462 ,
542 405 682 455 saevissima
693 403 815 466 cujusque
823 400 1028 451 sententiaeaue·

116 489 170 541 tor,
186 476 266 541 edque
277 476 415 526 inveterati
426 475 521 526 invidid
532 513 538 533 ,
554 478 598 525 ubi
609 478 723 543 primlrm
732 476 838 526 facultas
852 475 909 524 data
919 512 925 531 ‚
935 475 1027 538 argui-

118 564 160 600 tur
170 551 286 616 pleraque
299 568 305 598 τ
319 551 349 600 0.
364 550 499 612 Curarem,
512 551 584 615 quasi
595 551 695 601 incesta
705 550 849 608 virilitatis,
861 561 887 599 et
894 564 972 614 quum
980 546 1025 594 die

119 624 197 675 natali
210 622 329 688 Augusta
338 625 404 672 inter
419 622 566 672 sacerdotes
578 624 738 690 epularetur,
753 623 952 676 novemdialem
968 633 1027 668 eum

120 713 228 748 cranam
241 694 348 746 dixisse:
366 710 523 761 querensque
536 695 567 744 de
580 697 695 761 potentid
710 694 750 745 M.
766 694 875 761 Lepidi,
888 711 917 743 ac
927 696 958 742 L.
970 693 1027 742 Ar-

111 769 210 828 runtii,
219 785 278 817 cum
294 769 386 833 quibus
401 769 433 815 ob
444 783 501 816 rem
511 769 683 833 pecuniariam
697 768 867 834 dircqrtabat,
880 765 1026 825 addidisse,

121 843 201 890 «illos
209 842 312 906 quidem
321 854 422 890 senatus
429 876 436 899 ,
444 857 487 891 me
494 853 580 889 sutem
587 842 701 891 tuebitur
707 841 852 890 Tiberiolus
859 855 950 889 meurs
959 858 965 887 :
976 856 1028 887 ne-

97 905 170 979 *que
178 927 266 964 cuneta
275 914 289 963 d
298 915 451 981 primoribus
462 915 571 963 civitatis
580 915 855 981 revincebatur5iisque
861 912 1027 973 instantibus,

122 985 155 1035 ad
165 987 345 1054 imperatorem
356 989 521 1054 provocarit:
538 1003 586 1036 nee
597 986 680 1036 multd
690 986 749 1054 pdst
762 987 852 1036 litterae
864 985 1025 1041 adferuntur,

123 1062 231 1124 quibus,
242 1064 269 1112 in
281 1064 386 1117 modum
400 1060 568 1124 defensionis,
580 1064 689 1127 reperim
701 1065 788 1112 ‹tinter
800 1076 825 1110 se
835 1071 907 1124 atque
920 1059 1026 1108 Cottam

123 1136 382 1203 arnicitiaeprineipio‚
395 1137 540 1201 crebrisque
551 1135 606 1200 ejus
621 1136 731 1186 officiis»
745 1133 960 1189 commemoratis,
972 1147 1026 1180 nne

122 1209 200 1261 rerba
216 1210 292 1272 prave
308 1211 423 1275 detorta,
439 1226 490 1260 neu
506 1210 678 1261 convivalium
689 1209 833 1260 fabularum
844 1207 989 1275 simplicitas
999 1206 1039 1254 in-

123 1282 218 1330 erimen
232 1282 396 1346 duceretur»,
408 1284 556 1347 postulavit.
971 1292 974 1295 '

154 1352 200 1403 Vt
213 1352 313 1421 Insigne
325 1357 407 1404 visum
417 1367 456 1404 est
465 1372 552 1404 earum
566 1356 670 1406 Caesaris
681 1357 822 1406 litterarum
837 1357 956 1405 initium:
969 1367 1031 1401 nam

123 1423 164 1475 bis
174 1427 255 1478 verbis
269 1446 373 1479 exorsus
384 1441 439 1478 est:
453 1446 466 1476 s
473 1428 542 1490 Quid
559 1429 668 1477 scribam
682 1430 771 1489 robis,
782 1441 867 1494 patres
879 1427 1032 1492 conscripti,

125 1511 169 1548 aut
184 1501 313 1564 quomedo
323 1503 450 1566 scribam,
465 1514 508 1551 aut
519 1502 582 1566 quid
599 1504 703 1552 omnino
714 1519 766 1552 non
778 1504 888 1552 scribam
898 1500 948 1551 boe
960 1513 1031 1549 tem-

125 1590 203 1637 pore,
223 1573 258 1622 dii
270 1574 312 1624 nie
324 1575 426 1639 deaeque
440 1574 513 1640 peius
527 1574 649 1639 perdant,
667 1574 743 1639 quini
760 1577 843 1643 perire
859 1591 901 1623 me
916 1574 1030 1638 quotidie

125 1647 222 1709 sentio,
241 1647 262 1695 si
277 1646 359 1699 scios).
373 1647 445 1696 Adeo
458 1649 571 1696 facinora
581 1660 656 1714 atque
667 1651 762 1715 flagitia
775 1667 819 1698 sua
832 1649 879 1714 ipsi
892 1661 989 1710 quoque
1001 1647 1027 1692 itt

90 1770 96 1774 ,
126 1718 279 1784 supplicium
297 1732 433 1770 verterant.
452 1722 541 1786 Neque
561 1721 653 1771 frustra
665 1723 884 1788 praestantissimus
899 1717 1026 1784 sapientia

125 1792 228 1851 firmare
237 1793 328 1843 solitus
337 1805 389 1853 est,
400 1792 593 1844 sireeludantur
602 1806 767 1861 tyrannorum
776 1805 888 1849 mentes,
900 1805 972 1856 posse
983 1786 1030 1836 ad·

127 1865 335 1931 spicilaniatuset
344 1866 425 1933 icturq
438 1865 549 1931 quando,
560 1879 590 1918 ut
597 1884 703 1936 corpora
711 1867 909 1928 verberibus‚ita
920 1861 1032 1926 sevitia,

112 1935 232 1993 ‘libidine
242 1976 250 2000 ,
261 1941 334 1999 malis
344 1941 481 1998 consultis,
497 1942 598 1990 animus
611 1940 777 1992 dilaceretur:
793 1942 886 2007 quippe
898 1937 1035 1987 Tiberium

126 2013 287 2069 nonfurtum
295 2053 302 2074 ,
311 2034 363 2069 non
370 2016 519 2067 solitudines
528 2018 710 2084 protegebant,
720 2017 782 2083 quin
788 2025 917 2067 tormenta
925 2011 1035 2080 pectoris

127 2096 234 2147 suasque
246 2082 533 2149 ipsepoenuslatsreturr
638 2140 641 2144 .
791 2108 795 2115 ·
893 2148 898 2151 ¹

161 2153 220 2204 vlt.
229 2154 296 2205 Tum
308 2156 373 2205 lacti
384 2156 498 2222 patribus
509 2166 637 2223 potestate
647 2156 775 2208 statuendi
787 2156 819 2204 de
832 2152 1035 2215 «Casilinate-

129 2236 232 2286 natore,
251 2230 294 2290 qui
308 2229 417 2294 plurima
433 2229 569 2280 adversum
588 2231 689 2280 Cottam
704 2241 895 2295 prompserat),
910 2227 1033 2292 placitum

126 2296 264 2349 ‚aeamdem
275 2315 374 2363 poenam
389 2301 509 2366 irrogari,
524 2310 608 2367 quarn}
620 2305 648 2352 in
666 2302 801 2351 Aruseium
812 2311 838 2348 et
853 2299 1036 2361 Sanquinium,
1058 2302 1064 2307 “

130 2381 284 2432 accusatores
299 2371 330 2421 L.
349 2373 464 2425 Arruntii
471 2394 499 2423 rs:
514 2392 565 2442 qno
583 2394 634 2425 non
645 2376 714 2425 aliud
729 2373 936 2421 honorificentius
954 2371 1035 2417 Cotta

131 2442 231 2505 evenit,
243 2442 286 2508 qui
296 2445 389 2494 nobilis
398 2449 501 2512 quidem
512 2450 574 2505 ,red
585 2466 661 2515 egens
672 2447 704 2495 ob
715 2447 804 2494 luxum
813 2480 819 2499 ‚
828 2459 874 2509 per
882 2442 976 2506 flagitia
991 2441 1035 2487 in·

96 2538 99 2543 ’
131 2511 218 2574 lamis,
229 2519 392 2569 uastissimis
402 2523 517 2572 Arruntii
526 2522 623 2571 artibus
636 2518 756 2583 dignitate
766 2514 869 2566 ultionis
878 2512 1034 2577 equabatur.

69 2611 73 2621 ·
132 2589 242 2651 Quintus
251 2592 362 2643 Servaeus
369 2593 483 2661 posthac,
492 2607 518 2644 et
527 2594 652 2644 Minntius
660 2592 788 2640 Thermus
794 2587 906 2639 inducti:
914 2586 1036 2644 Servaeus,

132 2664 398 2731 praeteriturorum
407 2665 688 2734 quondamGermaniei
697 2661 1039 2729 comes3blinutiusliques·

135 2737 167 2785 tri
177 2738 249 2799 loco,
263 2740 377 2792 modeste
389 2741 474 2791 habital
489 2742 571 2807 Seiani
583 2738 693 2789 amicitii
705 2755 712 2788 ⁴.
725 2736 792 2787 unde
803 2737 854 2785 illis
866 2734 946 2805 major
960 2735 1040 2782 mise-

132 2809 216 2861 ratio:
230 2810 318 2861 contri
331 2813 449 2862 Tiberius
467 2816 625 2880 «praecipuos
640 2812 674 2862 sd
691 2813 810 2865 scelerae
827 2810 961 2874 increpans
969 2842 978 2865 ,
993 2805 1039 2855 ad·

133 2885 233 2935 monuit
242 2884 272 2933 C.
285 2884 397 2937 Cestium
407 2896 506 2951 patrem
516 2903 531 2934 e<
538 2885 624 2936 dicere
632 2887 740 2943 senatui,
752 2884 862 2948 quesibi
871 2881 1008 2945 scripsisset
1014 2895 1039 2944 oq

134 2957 293 3020 suscepitque
303 2958 402 3008 Cestius
411 2960 601 3009 accusationem
611 2978 617 3008 z
628 2958 699 3024 quod
706 2956 818 3007 maxime
826 2953 950 3004 exitiabile
959 2949 1040 2999 tulere

107 3086 110 3091 .
133 3027 178 3075 illa
191 3039 316 3093 tempora,
335 3045 413 3094 quum
431 3030 557 3096 primores
575 3030 677 3081 senatus
692 3031 793 3080 infimas
808 3030 886 3078 etium
902 3024 1040 3074 delationes

135 3111 294 3159 exercerent,
304 3102 346 3150 alii
354 3101 493 3166 propalam,
504 3102 581 3151 multi
589 3106 773 3169 peroccultnm
782 3121 789 3150 τ
799 3117 881 3166 neque
889 3100 1042 3148 discerneres

135 3174 230 3222 alienos
240 3173 253 3222 l
264 3174 320 3238 conj
325 3174 405 3223 unctis
411 3209 418 3233 ‚
430 3176 524 3223 amicos
534 3175 567 3224 ab
577 3176 683 3240 ignotis,
694 3177 754 3240 quid
764 3168 854 3242 repens
864 3185 907 3222 aut
918 3180 1043 3220 vetustata

136 3248 289 3295 obscurum:
307 3246 412 3311 perinde
431 3247 458 3293 in
481 3244 550 3308 foro,
566 3248 591 3296 in
604 3251 737 3305 convivio,
752 3247 852 3314 quiqui
868 3245 900 3294 de
911 3261 937 3292 re
947 3243 1043 3303 locuti,

136 3320 328 3381 incusabantur,
337 3330 366 3367 ut
378 3318 432 3380 quir
447 3319 584 3382 prevenire
596 3330 622 3366 et
630 3335 701 3369 reum
709 3320 835 3370 destinare
844 3327 975 3385 properat3
987 3329 1045 3381 pars

135 3389 169 3465 sd
183 3387 324 3440 subsidium
334 3387 371 3461 sul
378 3422 386 3453 ,
395 3389 480 3462 plures
488 3387 577 3467 'quisqu
586 3393 658 3457 quasi
665 3392 814 3466 galetudius
822 3404 850 3465 ‘l
859 3388 1044 3464 qontsctuffied
