2234 3817
134 188 185 241 442
303 198 306 205 ’
376 209 379 214 ·
469 199 741 241 continuantur
812 236 821 247 κ

136 285 283 333 Romanum
293 276 396 345 effudit5
408 278 527 330 turbidus
540 278 678 337 miscendis
687 279 868 343 seditionibus,
881 291 906 331 et
916 281 1031 349 plerisque
1064 278 1065 333 j

137 369 223 425 gratus
237 355 338 407 vecordi
351 353 480 405 facundii.
495 378 497 385 t
1064 356 1065 397 3

169 430 264 480 LXIX.
276 430 309 480 At
320 429 402 479 Julius
415 429 534 494 Auspex,
545 428 559 478 e
570 431 727 496 primoribus
734 430 874 479 Remorum
881 467 890 495 ,
908 431 1028 481 orimllo·
1064 420 1065 487 l

133 522 253 569 menam,
267 506 383 571 pacisque
399 505 491 554 bonan
505 505 655 566 dissertans,
668 518 694 556 et
716 506 804 554 «sumi
817 504 913 554 bellum
924 506 992 569 etiam
1002 505 1032 552 sb
1064 492 1065 573 l

136 576 233 643 ignavis
240 616 247 640 ,
260 578 429 630 strenuissimi
438 578 559 644 cujusque
572 581 687 645 periculo
698 580 749 645 geri
758 616 766 643 ,
776 578 876 642 jamque
888 584 1028 645 super'csput

135 656 284 722 legionesu,
294 653 508 720 sapientissimum
519 673 646 721 quemque
657 655 798 706 reverentii
811 655 925 721 fideque,
935 656 1030 717 juniores

134 729 249 796 periculo
262 743 294 777 sc
310 738 382 776 metu
399 728 539 778 continuit.
559 730 595 778 Et
612 729 744 779 Valentini
763 730 881 778 animum
896 727 1030 787 laudabant,

136 802 271 850 consilium
280 801 398 866 Auspicis
409 801 589 865 sequebantur:
600 801 846 853 Constat‘obstitissc
855 801 964 851 Treueris
973 798 1031 847 Lin-

134 875 291 940 gonibusque
304 872 373 941 apud
390 874 502 934 Gallias,
517 874 601 940 qubd,
613 873 728 925 Vindicis
745 869 834 935 motu,
856 891 916 924 cnm
924 872 1032 938 Verginio

137 958 269 997 steterant.
290 946 568 1014 Deterruiqplerosqu'e
587 949 777 1015 provinciarum
801 945 1033 1012 aemulatiorsquod

135 1021 204 1072 bello
214 1018 309 1088 capnt?
322 1020 390 1073 unde
404 1020 442 1084 ius
460 1023 651 1088 auspiciumque
661 1020 813 1090 peteretur?
826 1040 903 1088 qnam
911 1061 917 1081 ,
926 1025 945 1072 si
956 1033 1033 1087 cuncta

136 1096 326 1162 provenissent,
337 1095 423 1146 sedem
435 1097 543 1162 imperio
555 1095 715 1161 legerentur?
731 1097 853 1159 Nondum
867 1097 1033 1161 uictoria,'1sm

139 1168 265 1219 discordia
277 1180 330 1230 erat
342 1186 348 1216 :
361 1169 417 1218 aliis
432 1169 538 1233 foedera,
555 1170 707 1235 quibusdem
722 1187 784 1236 opes
801 1172 931 1238 uiresque,
946 1183 988 1223 aut
998 1184 1034 1220 te·
1064 1178 1065 1245 l

137 1253 258 1294 tustatcm
269 1244 388 1308 originis,
399 1261 442 1310 per
451 1243 531 1309 jurgia
536 1243 704 1311 jactantibuss
712 1244 798 1295 Tadio
812 1244 968 1306 futurorum,
980 1261 1035 1312 pru·
1064 1248 1065 1293 l

139 1320 219 1368 sentia
230 1314 357 1384 pltcubre.
366 1316 518 1369 Scribuntur
527 1318 559 1366 ad
566 1318 693 1368 Treveros
704 1314 816 1385 epistolae
823 1355 830 1378 ‚
837 1322 940 1369 nomine
951 1318 1035 1368 Gallis·

136 1410 215 1452 rum,
231 1405 282 1444 out
294 1393 451 1443 abstinerent
466 1396 564 1455 armis,
579 1396 734 1464 impetrabili
754 1395 844 1457 venii,
859 1408 886 1463 et
899 1396 990 1462 paratis
1001 1391 1035 1441 ds·

104 1480 125 1513 ,⁵
136 1466 326 1533 piscatoribus,
336 1469 358 1516 si
366 1468 501 1533 poeniteret
509 1487 533 1518 n.
544 1470 650 1520 Restitit
656 1469 723 1518 idern
730 1463 896 1529 Valentinus,
907 1465 1035 1516 obstruxit·

137 1556 187 1608 que
198 1541 308 1589 civitatis
320 1546 468 1603 succursu,
483 1541 552 1593 baud
563 1543 670 1610 perinde
681 1542 830 1593 instruendo
843 1543 914 1591 bello
925 1543 1035 1599 intentus,

137 1614 213 1684 quiin
226 1614 343 1679 frequens
353 1617 524 1664 concionibus.
912 1626 916 1634 ·

169 1688 252 1738 Lxx.
263 1688 343 1754 Igitur
354 1705 404 1736 non
411 1687 526 1744 Treveri,
537 1701 620 1747 neque
629 1689 771 1748 Lingones,
780 1702 901 1738 ceteraere
914 1687 1037 1738 rebellium

138 1763 270 1823 risitaret,
282 1776 328 1827 pro
345 1756 520 1824 magnitudine
531 1756 642 1820 suscepti
659 1755 811 1805 discriminis
822 1775 905 1822 agere.
918 1758 958 1807 Ne
972 1761 1040 1808 duces

124 1838 239 1904 'quidem
251 1839 277 1887 in
291 1853 371 1886 unum
388 1833 529 1884 consulere.
549 1829 601 1880 Sed
612 1831 701 1880 Civilis
713 1833 769 1891 aria
782 1832 919 1897 belgarum
931 1832 1039 1882 circum·

140 1914 210 1975 ibat3
227 1911 288 1961 dum
302 1909 438 1961 Claudiurn
454 1909 600 1958 Labeonem
619 1921 723 1972 capere,
742 1917 786 1953 ant
799 1907 936 1961 exturbare
951 1908 1037 1957 nititur.
1064 1926 1065 1929 ¹

139 1985 266 2035 Classicus
276 2021 284 2043 ,
296 2000 373 2049 segne
383 1985 533 2049 plerumque
546 1980 629 2030 otium
643 1980 759 2041 trahens,
770 1981 841 2028 velut
855 1994 931 2047 parto
945 1982 1037 2048 imperio

54 2082 56 2097 ³
139 2059 278 2112 fruebatur.
291 2058 330 2107 Ne
341 2058 423 2105 Tutor
434 2054 538 2122 quidem
545 2055 683 2110 maturarit
693 2055 849 2120 superiorem
862 2056 1001 2105 Germania
1008 2053 1038 2101 ri·

130 2148 213 2201 epam,
223 2143 249 2181 et
261 2129 340 2180 ardua
350 2130 457 2194 Alpium
471 2126 597 2199 presidiis
609 2128 735 2178 claudere.
747 2128 829 2192 Atque
842 2127 949 2178 interim
960 2137 1036 2176 unaet-

142 2206 262 2256 vicesima
273 2204 343 2268 legio
353 2201 516 2267 vindonissa,
524 2203 648 2252 Sextilius
656 2202 729 2251 Felix
737 2218 795 2251 curn
806 2202 947 2252 auxiliariis
958 2201 1036 2251 cobor-

140 2280 211 2330 tibtts
220 2294 266 2344 per
274 2278 378 2327 Batiam
391 2275 514 2341 irruptire.
526 2274 642 2326 Accessit
654 2277 693 2327 sla
703 2276 889 2342 Singularium,
902 2277 980 2325 excita
988 2274 1036 2322 olin

142 2353 157 2403 l
166 2344 287 2413 Vitellio,
295 2348 386 2400 deinde
395 2351 423 2398 in
433 2361 518 2414 partes
527 2351 678 2414 Vespasiani
687 2354 849 2414 transgressa.
861 2348 1036 2401 PraeeratJuliut

141 2425 313 2490 Briganticus,
328 2438 416 2471 sorore
427 2421 517 2470 Civilis
526 2423 644 2483 genitus,
659 2429 689 2470 ut
699 2422 777 2470 ferme
788 2423 1035 2491 acerrimnproxinro·

141 2515 199 2557 runt
210 2498 265 2547 odia
276 2490 348 2554 sunt,
360 2493 455 2538 inrisus
464 2491 594 2538 auunculo
602 2491 774 2556 infensusque.
785 2494 874 2547 Tutor
886 2499 1035 2548 Treverorum
1064 2522 1065 2533 r

142 2572 239 2639 copias,
260 2566 355 2615 recenti
371 2563 552 2630 Vangionurn‚
563 2562 743 2627 Cetacatium,
761 2567 933 2620 Tribocorum
949 2566 1035 2616 delectu

143 2657 240 2704 anctus,
251 2652 371 2692 veterano
379 2639 465 2706 pedite
478 2638 554 2704 atque
564 2639 648 2705 equite
660 2639 784 2702 firmarit,
794 2646 924 2712 corruptis
935 2658 975 2709 spe
983 2676 989 2695 s
998 2647 1033 2686 Μ

141 2731 211 2776 metu
234 2717 345 2767 subactis
354 2714 500 2782 legionariis
514 2730 520 2762 t
535 2713 580 2779 qui
596 2712 681 2778 primo
700 2712 849 2783 cohortem,
870 2709 1033 2782 pramisuni

141 2794 247 2843 Sextilio
258 2793 352 2852 Felice,
367 2790 522 2840 interficiunt
531 2805 613 2856 {mox
621 2788 666 2836 ubi
681 2787 758 2838 duces
769 2793 940 2855 exercitusque
952 2792 1032 2837 Roma·

141 2884 190 2915 nus
197 2865 414 2933 propinquabant,
423 2863 531 2913 bonetto
541 2861 680 2927 transfugio
690 2861 786 2912 rediere
798 2883 804 2913 :
814 2865 904 2912 secutis
913 2862 1031 2919 Tribocis,

142 2940 406 3005 Vangionibusqne‘et
422 2936 597 2988 Caeracatibus.
610 2937 704 2997 Tutor,
721 2937 836 2986 Treveris
853 2935 1033 2990 comitantibus,

140 3012 222 3062 strato
235 3015 397 3083 Mogontiaco
405 3013 539 3076 ,Bingium
550 3012 689 3061 concessit:
702 3011 781 3062 fidens
789 3013 846 3060 foco
853 3048 860 3071 ‚
873 3011 931 3074 quia
939 3020 1030 3077 pontem

136 3087 216 3138 Nava
228 3086 340 3133 fluminis
350 3085 500 3150 abrtrperat:
514 3084 559 3133 sed
569 3086 672 3134 incursu
684 3083 824 3134 cohortium
834 3120 841 3141 ‚
851 3101 912 3148 quas
922 3082 1031 3132 Sextilius

143 3157 267 3215 ducebat,
280 3168 305 3204 et
318 3168 419 3223 reperto
430 3158 510 3221 vado,
528 3157 647 3223 proditus
662 3156 789 3223 fususque.
806 3158 840 3207 Ea
853 3157 925 3207 clade
934 3152 1033 3223 perculsi

141 3228 260 3287 Treveri,
279 3239 305 3276 et
320 3230 418 3293 plebes,
436 3231 536 3279 omissis
552 3233 645 3294 armis,
663 3247 708 3298 per
725 3249 796 3296 agros
811 3232 926 3298 palatur:
940 3228 1032 3294 quidam

140 3298 301 3363 principum,
315 3311 344 3348 ut
361 3303 438 3366 primi
454 3305 570 3367 posuisse
582 3305 679 3356 beilum
691 3305 854 3368 riderentur,
869 3308 895 3355 in
910 3306 1029 3357 civitates,

139 3385 193 3430 quc
206 3373 353 3421 societatem
362 3375 503 3425 Romanam
512 3393 566 3429 non
578 3392 727 3445 ensuerunt,
739 3380 909 3448 perfugerant.
920 3376 1032 3443 Legiones
1064 3376 1065 3379 ’

137 3439 152 3485 l
167 3439 426 3511 Norssiottountqoe
436 3448 462 3496 in
472 3447 613 3515 Treveros,
626 3465 655 3507 ut
672 3453 747 3522 suprb
762 3456 967 3514 memoravimus,
982 3460 1031 3505 ωε
