<?xml version="1.0" encoding="UTF-8"?>
<!DOCTYPE html PUBLIC "-//W3C//DTD XHTML 1.0 Transitional//EN"
    "http://www.w3.org/TR/xhtml1/DTD/xhtml1-transitional.dtd">
<html xmlns="http://www.w3.org/1999/xhtml" xml:lang="en" lang="en">
 <head>
  <title>
</title>
<meta http-equiv="Content-Type" content="text/html;charset=utf-8" />
  <meta name='ocr-system' content='tesseract 3.04.00' />
  <meta name='ocr-capabilities' content='ocr_page ocr_carea ocr_par ocr_line ocrx_word'/>
</head>
<body>
  <div class='ocr_page' id='page_1' title='image "./ccorntacitioper01brotgoog_0295.png"; bbox 0 0 2234 3817; ppageno 0'>
   <div class='ocr_carea' id='block_1_1' title="bbox 421 175 963 240">
    <p class='ocr_par' dir='ltr' id='par_1_1' title="bbox 421 175 963 240">
     <span class='ocr_line' id='line_1_1' title="bbox 421 175 963 240; baseline 0.002 -25"><span class='ocrx_word' id='word_1_1' title='bbox 421 175 601 217; x_wconf 61' lang='lat' dir='ltr'>AGRICOBA·</span> <span class='ocrx_word' id='word_1_2' title='bbox 620 187 625 202; x_wconf 87' lang='lat'><strong><em>¹</em></strong></span> <span class='ocrx_word' id='word_1_3' title='bbox 916 185 963 240; x_wconf 65' lang='lat'>291</span> 
     </span>
    </p>
   </div>
   <div class='ocr_carea' id='block_1_2' title="bbox 21 259 1031 1581">
    <p class='ocr_par' dir='ltr' id='par_1_2' title="bbox 21 259 1041 1592">
     <span class='ocr_line' id='line_1_2' title="bbox 45 259 966 333; baseline -0.002 -13"><span class='ocrx_word' id='word_1_4' title='bbox 45 269 164 321; x_wconf 80' lang='lat' dir='ltr'>Silurum</span> <span class='ocrx_word' id='word_1_5' title='bbox 184 261 294 313; x_wconf 78' lang='lat' dir='ltr'>colorati</span> <span class='ocrx_word' id='word_1_6' title='bbox 312 259 416 320; x_wconf 80' lang='lat' dir='ltr'>ruitur,</span> <span class='ocrx_word' id='word_1_7' title='bbox 432 272 459 311; x_wconf 86' lang='lat' dir='ltr'>et</span> <span class='ocrx_word' id='word_1_8' title='bbox 477 264 540 312; x_wconf 85' lang='lat' dir='ltr'>torti</span> <span class='ocrx_word' id='word_1_9' title='bbox 556 262 705 328; x_wconf 85' lang='lat' dir='ltr'>plerumque</span> <span class='ocrx_word' id='word_1_10' title='bbox 723 264 821 323; x_wconf 82' lang='lat' dir='ltr'>crines.</span> <span class='ocrx_word' id='word_1_11' title='bbox 841 277 866 316; x_wconf 84' lang='lat' dir='ltr'>st</span> <span class='ocrx_word' id='word_1_12' title='bbox 883 270 966 333; x_wconf 77' lang='lat' dir='ltr'>posits</span> 
     </span>
     <span class='ocr_line' id='line_1_3' title="bbox 49 335 968 407; baseline 0 -15"><span class='ocrx_word' id='word_1_13' title='bbox 49 340 144 393; x_wconf 71' lang='lat' dir='ltr'>cosrtrd</span> <span class='ocrx_word' id='word_1_14' title='bbox 154 338 291 406; x_wconf 75' lang='lat' dir='ltr'>Hispania,</span> <span class='ocrx_word' id='word_1_15' title='bbox 300 335 388 386; x_wconf 78' lang='lat' dir='ltr'>Iberos</span> <span class='ocrx_word' id='word_1_16' title='bbox 396 347 495 385; x_wconf 71' lang='lat' dir='ltr'>veteres</span> <span class='ocrx_word' id='word_1_17' title='bbox 504 335 646 400; x_wconf 78' lang='lat' dir='ltr'>trajecisse,</span> <span class='ocrx_word' id='word_1_18' title='bbox 656 354 747 404; x_wconf 65' lang='lat' dir='ltr'>eapque</span> <span class='ocrx_word' id='word_1_19' title='bbox 754 338 968 407; x_wconf 75' lang='lat' dir='ltr'>sedesocoopsisse</span> 
     </span>
     <span class='ocr_line' id='line_1_4' title="bbox 49 409 970 471; baseline 0 -7"><span class='ocrx_word' id='word_1_20' title='bbox 49 415 134 464; x_wconf 85' lang='lat' dir='ltr'>fidem</span> <span class='ocrx_word' id='word_1_21' title='bbox 145 412 252 462; x_wconf 73' lang='lat' dir='ltr'>iaciunt.</span> <span class='ocrx_word' id='word_1_22' title='bbox 270 409 382 458; x_wconf 82' lang='lat' dir='ltr'>Proximi</span> <span class='ocrx_word' id='word_1_23' title='bbox 399 409 493 471; x_wconf 69' lang='lat' dir='ltr'>Gallis,</span> <span class='ocrx_word' id='word_1_24' title='bbox 504 421 531 459; x_wconf 86' lang='lat' dir='ltr'>et</span> <span class='ocrx_word' id='word_1_25' title='bbox 545 410 641 460; x_wconf 85' lang='lat' dir='ltr'>similes</span> <span class='ocrx_word' id='word_1_26' title='bbox 653 425 713 460; x_wconf 89' lang='lat' dir='ltr'>sunt</span> <span class='ocrx_word' id='word_1_27' title='bbox 724 430 730 459; x_wconf 90' lang='lat'>:</span> <span class='ocrx_word' id='word_1_28' title='bbox 743 428 786 461; x_wconf 87' lang='lat' dir='ltr'>sen</span> <span class='ocrx_word' id='word_1_29' title='bbox 797 413 906 463; x_wconf 80' lang='lat' dir='ltr'>durents</span> <span class='ocrx_word' id='word_1_30' title='bbox 914 416 970 463; x_wconf 90' lang='lat' dir='ltr'>ori-</span> 
     </span>
     <span class='ocr_line' id='line_1_5' title="bbox 51 480 968 552; baseline 0.002 -18"><span class='ocrx_word' id='word_1_31' title='bbox 51 487 123 552; x_wconf 82' lang='lat' dir='ltr'>ginis</span> <span class='ocrx_word' id='word_1_32' title='bbox 137 488 177 545; x_wconf 81' lang='lat' dir='ltr'>ri,</span> <span class='ocrx_word' id='word_1_33' title='bbox 192 501 236 532; x_wconf 86' lang='lat' dir='ltr'>sen</span> <span class='ocrx_word' id='word_1_34' title='bbox 251 481 459 547; x_wconf 68' lang='lat' dir='ltr'>procurrentibus</span> <span class='ocrx_word' id='word_1_35' title='bbox 476 484 501 530; x_wconf 92' lang='lat' dir='ltr'>in</span> <span class='ocrx_word' id='word_1_36' title='bbox 516 480 616 534; x_wconf 79' lang='lat' dir='ltr'>diverse</span> <span class='ocrx_word' id='word_1_37' title='bbox 631 487 719 543; x_wconf 87' lang='lat' dir='ltr'>terris,</span> <span class='ocrx_word' id='word_1_38' title='bbox 732 487 825 550; x_wconf 89' lang='lat' dir='ltr'>positio</span> <span class='ocrx_word' id='word_1_39' title='bbox 837 489 893 536; x_wconf 88' lang='lat' dir='ltr'>coeli</span> <span class='ocrx_word' id='word_1_40' title='bbox 908 503 968 536; x_wconf 87' lang='lat' dir='ltr'>eor-</span> 
     </span>
     <span class='ocr_line' id='line_1_6' title="bbox 51 551 986 627; baseline 0.002 -20"><span class='ocrx_word' id='word_1_41' title='bbox 51 554 164 627; x_wconf 83' lang='lat' dir='ltr'>poribns</span> <span class='ocrx_word' id='word_1_42' title='bbox 179 554 297 603; x_wconf 80' lang='lat' dir='ltr'>habitum</span> <span class='ocrx_word' id='word_1_43' title='bbox 312 553 404 604; x_wconf 86' lang='lat' dir='ltr'>dedit:</span> <span class='ocrx_word' id='word_1_44' title='bbox 418 554 442 602; x_wconf 87' lang='lat' dir='ltr'>in</span> <span class='ocrx_word' id='word_1_45' title='bbox 457 554 601 602; x_wconf 87' lang='lat' dir='ltr'>universum</span> <span class='ocrx_word' id='word_1_46' title='bbox 619 568 704 608; x_wconf 86' lang='lat' dir='ltr'>temen</span> <span class='ocrx_word' id='word_1_47' title='bbox 722 551 866 619; x_wconf 78' lang='lat' dir='ltr'>aesriinanr&#39;i,</span> <span class='ocrx_word' id='word_1_48' title='bbox 880 553 986 609; x_wconf 69' lang='lat' dir='ltr'>Gsllos’</span> 
     </span>
     <span class='ocr_line' id='line_1_7' title="bbox 51 625 970 699; baseline 0.003 -20"><span class='ocrx_word' id='word_1_49' title='bbox 51 632 172 681; x_wconf 79' lang='lat' dir='ltr'>vicinum</span> <span class='ocrx_word' id='word_1_50' title='bbox 182 629 266 679; x_wconf 90' lang='lat' dir='ltr'>solum</span> <span class='ocrx_word' id='word_1_51' title='bbox 277 626 429 693; x_wconf 75' lang='lat' dir='ltr'>oecnpdsse,</span> <span class='ocrx_word' id='word_1_52' title='bbox 445 625 565 675; x_wconf 77' lang='lat' dir='ltr'>credibile</span> <span class='ocrx_word' id='word_1_53' title='bbox 577 641 624 678; x_wconf 81' lang='lat' dir='ltr'>est.</span> <span class='ocrx_word' id='word_1_54' title='bbox 637 631 735 679; x_wconf 86' lang='lat' dir='ltr'>Eorum</span> <span class='ocrx_word' id='word_1_55' title='bbox 744 647 813 680; x_wconf 83' lang='lat' dir='ltr'>secra</span> <span class='ocrx_word' id='word_1_56' title='bbox 823 631 970 699; x_wconf 79' lang='lat' dir='ltr'>depreben-</span> 
     </span>
     <span class='ocr_line' id='line_1_8' title="bbox 54 701 969 772; baseline 0.002 -19"><span class='ocrx_word' id='word_1_57' title='bbox 54 705 121 765; x_wconf 83' lang='lat' dir='ltr'>das,</span> <span class='ocrx_word' id='word_1_58' title='bbox 134 703 344 768; x_wconf 73' lang='lat' dir='ltr'>superstitionum</span> <span class='ocrx_word' id='word_1_59' title='bbox 357 702 534 765; x_wconf 70' lang='lat' dir='ltr'>persuasione:</span> <span class='ocrx_word' id='word_1_60' title='bbox 549 717 632 749; x_wconf 85' lang='lat' dir='ltr'>sermo</span> <span class='ocrx_word' id='word_1_61' title='bbox 643 701 710 752; x_wconf 83' lang='lat' dir='ltr'>bend</span> <span class='ocrx_word' id='word_1_62' title='bbox 720 705 830 753; x_wconf 89' lang='lat' dir='ltr'>multum</span> <span class='ocrx_word' id='word_1_63' title='bbox 839 705 969 772; x_wconf 80' lang='lat' dir='ltr'>diversus,</span> 
     </span>
     <span class='ocr_line' id='line_1_9' title="bbox 54 773 968 842; baseline 0.003 -16"><span class='ocrx_word' id='word_1_64' title='bbox 54 778 84 826; x_wconf 87' lang='lat' dir='ltr'>in</span> <span class='ocrx_word' id='word_1_65' title='bbox 98 774 265 842; x_wconf 85' lang='lat' dir='ltr'>deposcendis</span> <span class='ocrx_word' id='word_1_66' title='bbox 274 773 392 839; x_wconf 85' lang='lat' dir='ltr'>periculis</span> <span class='ocrx_word' id='word_1_67' title='bbox 401 773 489 822; x_wconf 88' lang='lat' dir='ltr'>eadem</span> <span class='ocrx_word' id='word_1_68' title='bbox 503 773 622 832; x_wconf 73' lang='lat' dir='ltr'>andacia,</span> <span class='ocrx_word' id='word_1_69' title='bbox 639 777 716 825; x_wconf 86' lang='lat' dir='ltr'>stubi</span> <span class='ocrx_word' id='word_1_70' title='bbox 726 777 865 841; x_wconf 77' lang='lat' dir='ltr'>advenere,</span> <span class='ocrx_word' id='word_1_71' title='bbox 880 780 906 828; x_wconf 90' lang='lat' dir='ltr'>in</span> <span class='ocrx_word' id='word_1_72' title='bbox 919 779 968 829; x_wconf 83' lang='lat' dir='ltr'>de·</span> 
     </span>
     <span class='ocr_line' id='line_1_10' title="bbox 55 845 969 916; baseline 0.004 -18"><span class='ocrx_word' id='word_1_73' title='bbox 55 848 198 904; x_wconf 69' lang='lat' dir='ltr'>tractandis</span> <span class='ocrx_word' id='word_1_74' title='bbox 206 847 293 896; x_wconf 84' lang='lat' dir='ltr'>eadem</span> <span class='ocrx_word' id='word_1_75' title='bbox 304 845 429 895; x_wconf 80' lang='lat' dir='ltr'>formido:</span> <span class='ocrx_word' id='word_1_76' title='bbox 438 846 496 912; x_wconf 90' lang='lat' dir='ltr'>plns</span> <span class='ocrx_word' id='word_1_77' title='bbox 504 858 588 895; x_wconf 81' lang='lat' dir='ltr'>tamen</span> <span class='ocrx_word' id='word_1_78' title='bbox 597 848 693 897; x_wconf 81' lang='lat' dir='ltr'>lerociae</span> <span class='ocrx_word' id='word_1_79' title='bbox 699 850 812 898; x_wconf 77' lang='lat' dir='ltr'>Britanni</span> <span class='ocrx_word' id='word_1_80' title='bbox 819 849 969 916; x_wconf 70' lang='lat' dir='ltr'>preferens,</span> 
     </span>
     <span class='ocr_line' id='line_1_11' title="bbox 59 919 969 988; baseline -0.001 -15"><span class='ocrx_word' id='word_1_81' title='bbox 59 937 89 973; x_wconf 86' lang='lat' dir='ltr'>nt</span> <span class='ocrx_word' id='word_1_82' title='bbox 100 937 164 987; x_wconf 87' lang='lat' dir='ltr'>quos</span> <span class='ocrx_word' id='word_1_83' title='bbox 173 920 287 970; x_wconf 90' lang='lat' dir='ltr'>nondum</span> <span class='ocrx_word' id='word_1_84' title='bbox 296 922 371 985; x_wconf 86' lang='lat' dir='ltr'>loogs</span> <span class='ocrx_word' id='word_1_85' title='bbox 381 937 430 986; x_wconf 83' lang='lat' dir='ltr'>pax</span> <span class='ocrx_word' id='word_1_86' title='bbox 442 919 591 968; x_wconf 88' lang='lat' dir='ltr'>emollierit:</span> <span class='ocrx_word' id='word_1_87' title='bbox 604 937 660 970; x_wconf 81' lang='lat' dir='ltr'>nem</span> <span class='ocrx_word' id='word_1_88' title='bbox 673 922 760 971; x_wconf 74' lang='lat' dir='ltr'>Gallos</span> <span class='ocrx_word' id='word_1_89' title='bbox 768 940 871 988; x_wconf 82' lang='lat' dir='ltr'>qnoque</span> <span class='ocrx_word' id='word_1_90' title='bbox 880 924 905 971; x_wconf 89' lang='lat' dir='ltr'>iu</span> <span class='ocrx_word' id='word_1_91' title='bbox 916 923 969 972; x_wconf 88' lang='lat' dir='ltr'>bel·</span> 
     </span>
     <span class='ocr_line' id='line_1_12' title="bbox 55 995 967 1060; baseline -0.001 -13"><span class='ocrx_word' id='word_1_92' title='bbox 55 999 91 1048; x_wconf 89' lang='lat' dir='ltr'>lis</span> <span class='ocrx_word' id='word_1_93' title='bbox 109 997 226 1045; x_wconf 82' lang='lat' dir='ltr'>floruisse</span> <span class='ocrx_word' id='word_1_94' title='bbox 236 997 397 1060; x_wconf 75' lang='lat' dir='ltr'>accepimus:</span> <span class='ocrx_word' id='word_1_95' title='bbox 415 1010 474 1044; x_wconf 79' lang='lat' dir='ltr'>mox</span> <span class='ocrx_word' id='word_1_96' title='bbox 491 995 596 1057; x_wconf 75' lang='lat' dir='ltr'>segnitia</span> <span class='ocrx_word' id='word_1_97' title='bbox 611 1012 669 1043; x_wconf 88' lang='lat' dir='ltr'>cnm</span> <span class='ocrx_word' id='word_1_98' title='bbox 682 998 735 1044; x_wconf 90' lang='lat' dir='ltr'>otio</span> <span class='ocrx_word' id='word_1_99' title='bbox 745 997 862 1055; x_wconf 81' lang='lat' dir='ltr'>intravit,</span> <span class='ocrx_word' id='word_1_100' title='bbox 876 996 967 1048; x_wconf 67' lang='lat' dir='ltr'>amissi</span> 
     </span>
     <span class='ocr_line' id='line_1_13' title="bbox 56 1069 1029 1143; baseline -0.002 -21"><span class='ocrx_word' id='word_1_101' title='bbox 56 1072 155 1122; x_wconf 81' lang='lat' dir='ltr'>virtuts</span> <span class='ocrx_word' id='word_1_102' title='bbox 167 1072 263 1136; x_wconf 86' lang='lat' dir='ltr'>pariter</span> <span class='ocrx_word' id='word_1_103' title='bbox 273 1086 303 1119; x_wconf 74' lang='lat' dir='ltr'>se</span> <span class='ocrx_word' id='word_1_104' title='bbox 313 1070 429 1120; x_wconf 81' lang='lat' dir='ltr'>libertate</span> <span class='ocrx_word' id='word_1_105' title='bbox 438 1069 508 1133; x_wconf 90' lang='lat' dir='ltr'>qnod</span> <span class='ocrx_word' id='word_1_106' title='bbox 519 1069 696 1120; x_wconf 72' lang='lat' dir='ltr'>Britannorum</span> <span class='ocrx_word' id='word_1_107' title='bbox 707 1071 769 1121; x_wconf 78' lang='lat' dir='ltr'>olion</span> <span class='ocrx_word' id='word_1_108' title='bbox 781 1073 855 1121; x_wconf 86' lang='lat' dir='ltr'>victis</span> <span class='ocrx_word' id='word_1_109' title='bbox 865 1069 966 1121; x_wconf 80' lang='lat' dir='ltr'>evenit:</span> <span class='ocrx_word' id='word_1_110' title='bbox 989 1131 996 1137; x_wconf 38' lang='lat'><em>,</em></span> <span class='ocrx_word' id='word_1_111' title='bbox 1024 1129 1029 1143; x_wconf 31' lang='grc' dir='ltr'>ζ</span> 
     </span>
     <span class='ocr_line' id='line_1_14' title="bbox 59 1143 571 1210; baseline -0.006 -15"><span class='ocrx_word' id='word_1_112' title='bbox 59 1144 141 1195; x_wconf 82' lang='lat' dir='ltr'>ceteri</span> <span class='ocrx_word' id='word_1_113' title='bbox 152 1156 272 1198; x_wconf 84' lang='lat' dir='ltr'>manent,</span> <span class='ocrx_word' id='word_1_114' title='bbox 282 1144 450 1210; x_wconf 67' lang='lat' dir='ltr'>qualesGalli</span> <span class='ocrx_word' id='word_1_115' title='bbox 461 1143 571 1192; x_wconf 84' lang='lat' dir='ltr'>luerunt.</span> 
     </span>
     <span class='ocr_line' id='line_1_15' title="bbox 92 1213 1031 1285; baseline 0.001 -16"><span class='ocrx_word' id='word_1_116' title='bbox 92 1219 155 1269; x_wconf 84' lang='grc' dir='ltr'>ΧΠ.</span> <span class='ocrx_word' id='word_1_117' title='bbox 172 1220 201 1268; x_wconf 90' lang='lat' dir='ltr'>ln</span> <span class='ocrx_word' id='word_1_118' title='bbox 214 1218 299 1285; x_wconf 84' lang='lat' dir='ltr'>pedite</span> <span class='ocrx_word' id='word_1_119' title='bbox 311 1220 405 1272; x_wconf 83' lang='lat' dir='ltr'>robur:</span> <span class='ocrx_word' id='word_1_120' title='bbox 419 1215 532 1281; x_wconf 82' lang='lat' dir='ltr'>quedem</span> <span class='ocrx_word' id='word_1_121' title='bbox 551 1217 665 1265; x_wconf 73' lang='lat' dir='ltr'>nationes</span> <span class='ocrx_word' id='word_1_122' title='bbox 677 1230 704 1267; x_wconf 86' lang='lat' dir='ltr'>et</span> <span class='ocrx_word' id='word_1_123' title='bbox 716 1234 794 1267; x_wconf 78' lang='lat' dir='ltr'>curru</span> <span class='ocrx_word' id='word_1_124' title='bbox 802 1220 945 1285; x_wconf 69' lang='lat' dir='ltr'>preliantur</span> <span class='ocrx_word' id='word_1_125' title='bbox 958 1236 965 1269; x_wconf 89' lang='lat'><strong>:</strong></span> <span class='ocrx_word' id='word_1_126' title='bbox 1027 1213 1031 1270; x_wconf 68' lang='lat' dir='ltr'><strong>f</strong></span> 
     </span>
     <span class='ocr_line' id='line_1_16' title="bbox 56 1283 1030 1357; baseline -0.003 -15"><span class='ocrx_word' id='word_1_127' title='bbox 56 1292 191 1343; x_wconf 81' lang='lat' dir='ltr'>honestior</span> <span class='ocrx_word' id='word_1_128' title='bbox 207 1294 308 1357; x_wconf 81' lang='lat' dir='ltr'>aurigs,</span> <span class='ocrx_word' id='word_1_129' title='bbox 325 1291 430 1346; x_wconf 81' lang='lat' dir='ltr'>clientes</span> <span class='ocrx_word' id='word_1_130' title='bbox 442 1300 603 1355; x_wconf 78' lang='lat' dir='ltr'>propugnant</span> <span class='ocrx_word' id='word_1_131' title='bbox 617 1307 623 1337; x_wconf 75' lang='grc' dir='ltr'>ι</span> <span class='ocrx_word' id='word_1_132' title='bbox 639 1290 701 1337; x_wconf 90' lang='lat' dir='ltr'>olim</span> <span class='ocrx_word' id='word_1_133' title='bbox 719 1290 818 1355; x_wconf 83' lang='lat' dir='ltr'>regibus</span> <span class='ocrx_word' id='word_1_134' title='bbox 835 1292 969 1357; x_wconf 79' lang='lat' dir='ltr'>parebant,</span> <span class='ocrx_word' id='word_1_135' title='bbox 1027 1283 1030 1290; x_wconf 48' lang='lat'><strong>⁴</strong></span> 
     </span>
     <span class='ocr_line' id='line_1_17' title="bbox 21 1361 969 1431; baseline -0.003 -15"><span class='ocrx_word' id='word_1_136' title='bbox 21 1388 26 1394; x_wconf 47' lang='lat'><em>*</em></span> <span class='ocrx_word' id='word_1_137' title='bbox 60 1380 131 1416; x_wconf 85' lang='lat' dir='ltr'>nunc</span> <span class='ocrx_word' id='word_1_138' title='bbox 140 1380 183 1429; x_wconf 90' lang='lat' dir='ltr'>per</span> <span class='ocrx_word' id='word_1_139' title='bbox 191 1366 317 1431; x_wconf 88' lang='lat' dir='ltr'>principes</span> <span class='ocrx_word' id='word_1_140' title='bbox 325 1362 478 1412; x_wconf 79' lang='lat' dir='ltr'>factionibus</span> <span class='ocrx_word' id='word_1_141' title='bbox 491 1377 516 1410; x_wconf 87' lang='lat' dir='ltr'>et</span> <span class='ocrx_word' id='word_1_142' title='bbox 526 1361 618 1411; x_wconf 83' lang='lat' dir='ltr'>studiis</span> <span class='ocrx_word' id='word_1_143' title='bbox 628 1363 775 1412; x_wconf 88' lang='lat' dir='ltr'>trabuntur:</span> <span class='ocrx_word' id='word_1_144' title='bbox 788 1381 835 1413; x_wconf 87' lang='lat' dir='ltr'>nec</span> <span class='ocrx_word' id='word_1_145' title='bbox 844 1364 913 1416; x_wconf 86' lang='lat' dir='ltr'>alind</span> <span class='ocrx_word' id='word_1_146' title='bbox 921 1363 969 1414; x_wconf 72' lang='lat' dir='ltr'>ad·</span> 
     </span>
     <span class='ocr_line' id='line_1_18' title="bbox 60 1440 970 1514; baseline 0.003 -26"><span class='ocrx_word' id='word_1_147' title='bbox 60 1456 151 1491; x_wconf 80' lang='lat' dir='ltr'>versus</span> <span class='ocrx_word' id='word_1_148' title='bbox 161 1441 326 1494; x_wconf 78' lang='lat' dir='ltr'>ralidissimss</span> <span class='ocrx_word' id='word_1_149' title='bbox 335 1451 423 1508; x_wconf 85' lang='lat' dir='ltr'>gentes</span> <span class='ocrx_word' id='word_1_150' title='bbox 433 1457 479 1505; x_wconf 85' lang='lat' dir='ltr'>pro</span> <span class='ocrx_word' id='word_1_151' title='bbox 489 1441 562 1489; x_wconf 90' lang='lat' dir='ltr'>nobis</span> <span class='ocrx_word' id='word_1_152' title='bbox 571 1440 658 1489; x_wconf 88' lang='lat' dir='ltr'>utilius</span> <span class='ocrx_word' id='word_1_153' title='bbox 668 1476 674 1495; x_wconf 88' lang='lat'><strong>‚</strong></span> <span class='ocrx_word' id='word_1_154' title='bbox 689 1442 764 1504; x_wconf 74' lang='lat' dir='ltr'>quim</span> <span class='ocrx_word' id='word_1_155' title='bbox 779 1442 850 1514; x_wconf 74' lang='lat' dir='ltr'>qudd</span> <span class='ocrx_word' id='word_1_156' title='bbox 861 1444 885 1490; x_wconf 89' lang='lat' dir='ltr'>in</span> <span class='ocrx_word' id='word_1_157' title='bbox 896 1459 970 1492; x_wconf 88' lang='lat' dir='ltr'>com-</span> 
     </span>
     <span class='ocr_line' id='line_1_19' title="bbox 60 1511 970 1581; baseline 0.002 -18"><span class='ocrx_word' id='word_1_158' title='bbox 60 1530 141 1563; x_wconf 88' lang='lat' dir='ltr'>mune</span> <span class='ocrx_word' id='word_1_159' title='bbox 150 1532 201 1563; x_wconf 90' lang='lat' dir='ltr'>non</span> <span class='ocrx_word' id='word_1_160' title='bbox 210 1512 356 1565; x_wconf 77' lang='lat' dir='ltr'>consulunt.</span> <span class='ocrx_word' id='word_1_161' title='bbox 367 1512 449 1564; x_wconf 69' lang='lat' dir='ltr'>Rarus</span> <span class='ocrx_word' id='word_1_162' title='bbox 461 1511 560 1562; x_wconf 86' lang='lat' dir='ltr'>duabus</span> <span class='ocrx_word' id='word_1_163' title='bbox 574 1514 686 1563; x_wconf 84' lang='lat' dir='ltr'>tribusve</span> <span class='ocrx_word' id='word_1_164' title='bbox 698 1517 845 1565; x_wconf 73' lang='lat' dir='ltr'>civitatibus</span> <span class='ocrx_word' id='word_1_165' title='bbox 859 1517 890 1563; x_wconf 82' lang='lat' dir='ltr'>ad</span> <span class='ocrx_word' id='word_1_166' title='bbox 905 1532 970 1581; x_wconf 84' lang='lat' dir='ltr'>pro·</span> 
     </span>
    </p>
   </div>
   <div class='ocr_carea' id='block_1_3' title="bbox 57 1589 1053 1727">
    <p class='ocr_par' dir='ltr' id='par_1_3' title="bbox 57 1589 1053 1727">
     <span class='ocr_line' id='line_1_20' title="bbox 57 1589 1045 1657; baseline 0.002 -17"><span class='ocrx_word' id='word_1_167' title='bbox 57 1589 215 1655; x_wconf 15' lang='lat' dir='ltr'>iptdsandnrn</span> <span class='ocrx_word' id='word_1_168' title='bbox 233 1606 370 1641; x_wconf 73' lang='lat' dir='ltr'>commune</span> <span class='ocrx_word' id='word_1_169' title='bbox 391 1590 532 1655; x_wconf 60' lang='lat' dir='ltr'>pertentium</span> <span class='ocrx_word' id='word_1_170' title='bbox 552 1603 694 1640; x_wconf 79' lang='lat' dir='ltr'>conventus</span> <span class='ocrx_word' id='word_1_171' title='bbox 713 1611 719 1640; x_wconf 79' lang='lat' dir='ltr'><em>z</em></span> <span class='ocrx_word' id='word_1_172' title='bbox 741 1595 775 1641; x_wconf 85' lang='lat' dir='ltr'>ita</span> <span class='ocrx_word' id='word_1_173' title='bbox 797 1593 859 1641; x_wconf 79' lang='lat' dir='ltr'>dnm</span> <span class='ocrx_word' id='word_1_174' title='bbox 878 1594 972 1657; x_wconf 80' lang='lat' dir='ltr'>singuli</span> <span class='ocrx_word' id='word_1_175' title='bbox 1042 1633 1045 1642; x_wconf 78' lang='grc'><em>,</em></span> 
     </span>
     <span class='ocr_line' id='line_1_21' title="bbox 63 1662 1053 1727; baseline 0.006 -18"><span class='ocrx_word' id='word_1_176' title='bbox 63 1674 191 1727; x_wconf 79' lang='lat' dir='ltr'>pugnent,</span> <span class='ocrx_word' id='word_1_177' title='bbox 202 1663 312 1713; x_wconf 72' lang='lat' dir='ltr'>universi</span> <span class='ocrx_word' id='word_1_178' title='bbox 323 1662 468 1713; x_wconf 80' lang='lat' dir='ltr'>vincuntur.</span> <span class='ocrx_word' id='word_1_179' title='bbox 481 1662 580 1710; x_wconf 83' lang='lat' dir='ltr'>Coelum</span> <span class='ocrx_word' id='word_1_180' title='bbox 591 1664 684 1712; x_wconf 86' lang='lat' dir='ltr'>crebris</span> <span class='ocrx_word' id='word_1_181' title='bbox 695 1664 818 1714; x_wconf 84' lang='lat' dir='ltr'>imbribus</span> <span class='ocrx_word' id='word_1_182' title='bbox 829 1681 858 1713; x_wconf 83' lang='lat' dir='ltr'>ae</span> <span class='ocrx_word' id='word_1_183' title='bbox 869 1666 971 1714; x_wconf 87' lang='lat' dir='ltr'>nebulis</span> <span class='ocrx_word' id='word_1_184' title='bbox 1050 1703 1053 1709; x_wconf 83' lang='lat'><em>.</em></span> 
     </span>
    </p>
   </div>
   <div class='ocr_carea' id='block_1_4' title="bbox 53 1730 1024 3407">
    <p class='ocr_par' dir='ltr' id='par_1_4' title="bbox 53 1730 1024 2820">
     <span class='ocr_line' id='line_1_22' title="bbox 64 1730 972 1804; baseline 0.004 -24"><span class='ocrx_word' id='word_1_185' title='bbox 64 1730 174 1794; x_wconf 79' lang='lat' dir='ltr'>loedum:</span> <span class='ocrx_word' id='word_1_186' title='bbox 186 1736 307 1804; x_wconf 75' lang='lat' dir='ltr'>asperiter</span> <span class='ocrx_word' id='word_1_187' title='bbox 315 1734 438 1799; x_wconf 78' lang='lat' dir='ltr'>frigorum</span> <span class='ocrx_word' id='word_1_188' title='bbox 447 1733 527 1784; x_wconf 81' lang='lat' dir='ltr'>sbsst.</span> <span class='ocrx_word' id='word_1_189' title='bbox 534 1736 641 1786; x_wconf 68' lang='lat' dir='ltr'>&#39;Dictum</span> <span class='ocrx_word' id='word_1_190' title='bbox 650 1739 730 1800; x_wconf 77' lang='lat' dir='ltr'>spatia</span> <span class='ocrx_word' id='word_1_191' title='bbox 740 1738 805 1785; x_wconf 83' lang='lat' dir='ltr'>ultra</span> <span class='ocrx_word' id='word_1_192' title='bbox 814 1738 894 1785; x_wconf 83' lang='lat' dir='ltr'>nostri</span> <span class='ocrx_word' id='word_1_193' title='bbox 903 1737 972 1785; x_wconf 85' lang='lat' dir='ltr'>orbis</span> 
     </span>
     <span class='ocr_line' id='line_1_23' title="bbox 64 1808 972 1874; baseline 0.004 -20"><span class='ocrx_word' id='word_1_194' title='bbox 64 1822 221 1868; x_wconf 87' lang='lat' dir='ltr'>mensnram,</span> <span class='ocrx_word' id='word_1_195' title='bbox 238 1821 264 1857; x_wconf 88' lang='lat' dir='ltr'>et</span> <span class='ocrx_word' id='word_1_196' title='bbox 278 1824 330 1857; x_wconf 81' lang='lat' dir='ltr'>nox</span> <span class='ocrx_word' id='word_1_197' title='bbox 346 1810 427 1864; x_wconf 80' lang='lat' dir='ltr'>clare.</span> <span class='ocrx_word' id='word_1_198' title='bbox 439 1820 465 1857; x_wconf 85' lang='lat' dir='ltr'>et</span> <span class='ocrx_word' id='word_1_199' title='bbox 476 1808 588 1857; x_wconf 76' lang='lat' dir='ltr'>extremi</span> <span class='ocrx_word' id='word_1_200' title='bbox 599 1810 736 1857; x_wconf 72' lang='lat' dir='ltr'>Britannia</span> <span class='ocrx_word' id='word_1_201' title='bbox 747 1824 818 1874; x_wconf 85' lang='lat' dir='ltr'>parre</span> <span class='ocrx_word' id='word_1_202' title='bbox 830 1809 930 1869; x_wconf 83' lang='lat' dir='ltr'>brevis,</span> <span class='ocrx_word' id='word_1_203' title='bbox 942 1821 972 1858; x_wconf 86' lang='lat' dir='ltr'>ut</span> 
     </span>
     <span class='ocr_line' id='line_1_24' title="bbox 64 1875 971 1946; baseline 0.007 -20"><span class='ocrx_word' id='word_1_204' title='bbox 64 1875 140 1927; x_wconf 86' lang='lat' dir='ltr'>linem</span> <span class='ocrx_word' id='word_1_205' title='bbox 157 1890 230 1946; x_wconf 80' lang='lat' dir='ltr'>atque</span> <span class='ocrx_word' id='word_1_206' title='bbox 247 1881 349 1930; x_wconf 89' lang='lat' dir='ltr'>initium</span> <span class='ocrx_word' id='word_1_207' title='bbox 359 1882 423 1929; x_wconf 89' lang='lat' dir='ltr'>lucis</span> <span class='ocrx_word' id='word_1_208' title='bbox 435 1881 526 1942; x_wconf 72' lang='lat' dir='ltr'>erigup</span> <span class='ocrx_word' id='word_1_209' title='bbox 535 1878 681 1928; x_wconf 71' lang='lat' dir='ltr'>discrimine</span> <span class='ocrx_word' id='word_1_210' title='bbox 691 1882 856 1930; x_wconf 76' lang='lat' dir='ltr'>internosces.</span> <span class='ocrx_word' id='word_1_211' title='bbox 873 1883 971 1946; x_wconf 80' lang='lat' dir='ltr'>«and</span> 
     </span>
     <span class='ocr_line' id='line_1_25' title="bbox 65 1952 972 2019; baseline 0.004 -19"><span class='ocrx_word' id='word_1_212' title='bbox 65 1953 88 2000; x_wconf 87' lang='lat' dir='ltr'>si</span> <span class='ocrx_word' id='word_1_213' title='bbox 107 1952 186 2002; x_wconf 89' lang='lat' dir='ltr'>nubes</span> <span class='ocrx_word' id='word_1_214' title='bbox 202 1970 252 2003; x_wconf 92' lang='lat' dir='ltr'>uon</span> <span class='ocrx_word' id='word_1_215' title='bbox 264 1955 387 2014; x_wconf 79' lang='lat' dir='ltr'>officiant,</span> <span class='ocrx_word' id='word_1_216' title='bbox 400 1954 498 2019; x_wconf 83' lang='lat' dir='ltr'>adspici</span> <span class='ocrx_word' id='word_1_217' title='bbox 509 1967 555 2016; x_wconf 81' lang='lat' dir='ltr'>per</span> <span class='ocrx_word' id='word_1_218' title='bbox 569 1964 671 2000; x_wconf 88' lang='lat' dir='ltr'>noctem</span> <span class='ocrx_word' id='word_1_219' title='bbox 686 1953 746 2001; x_wconf 88' lang='lat' dir='ltr'>solis</span> <span class='ocrx_word' id='word_1_220' title='bbox 765 1952 905 2017; x_wconf 72' lang='lat' dir='ltr'>fulgorem,</span> <span class='ocrx_word' id='word_1_221' title='bbox 923 1970 972 2005; x_wconf 84' lang='lat' dir='ltr'>nee</span> 
     </span>
     <span class='ocr_line' id='line_1_26' title="bbox 68 2024 970 2095; baseline 0.002 -23"><span class='ocrx_word' id='word_1_222' title='bbox 68 2024 187 2073; x_wconf 88' lang='lat' dir='ltr'>occidere</span> <span class='ocrx_word' id='word_1_223' title='bbox 198 2037 224 2074; x_wconf 90' lang='lat' dir='ltr'>et</span> <span class='ocrx_word' id='word_1_224' title='bbox 235 2043 378 2095; x_wconf 81' lang='lat' dir='ltr'>exsurgere,</span> <span class='ocrx_word' id='word_1_225' title='bbox 392 2027 438 2076; x_wconf 88' lang='lat' dir='ltr'>sed</span> <span class='ocrx_word' id='word_1_226' title='bbox 448 2025 575 2075; x_wconf 79' lang='lat' dir='ltr'>transire»</span> <span class='ocrx_word' id='word_1_227' title='bbox 587 2024 731 2074; x_wconf 75' lang='lat' dir='ltr'>adfirmant.</span> <span class='ocrx_word' id='word_1_228' title='bbox 741 2026 842 2074; x_wconf 83' lang='lat' dir='ltr'>Scilicet</span> <span class='ocrx_word' id='word_1_229' title='bbox 856 2038 970 2075; x_wconf 82' lang='lat' dir='ltr'>extrema</span> 
     </span>
     <span class='ocr_line' id='line_1_27' title="bbox 66 2094 972 2166; baseline 0.001 -22"><span class='ocrx_word' id='word_1_230' title='bbox 66 2109 91 2145; x_wconf 89' lang='lat' dir='ltr'>et</span> <span class='ocrx_word' id='word_1_231' title='bbox 98 2097 175 2162; x_wconf 84' lang='lat' dir='ltr'>plane</span> <span class='ocrx_word' id='word_1_232' title='bbox 183 2108 305 2148; x_wconf 77' lang='lat' dir='ltr'>terrarum</span> <span class='ocrx_word' id='word_1_233' title='bbox 314 2136 321 2157; x_wconf 92' lang='lat'><em>,</em></span> <span class='ocrx_word' id='word_1_234' title='bbox 331 2098 421 2166; x_wconf 81' lang='lat' dir='ltr'>humili</span> <span class='ocrx_word' id='word_1_235' title='bbox 430 2098 520 2146; x_wconf 68' lang='lat' dir='ltr'>umbri</span> <span class='ocrx_word' id='word_1_236' title='bbox 528 2134 534 2155; x_wconf 93' lang='lat'>,</span> <span class='ocrx_word' id='word_1_237' title='bbox 543 2113 595 2145; x_wconf 88' lang='lat' dir='ltr'>non</span> <span class='ocrx_word' id='word_1_238' title='bbox 606 2094 705 2163; x_wconf 75' lang='lat' dir='ltr'>erigunt</span> <span class='ocrx_word' id='word_1_239' title='bbox 712 2096 842 2166; x_wconf 72' lang='lat' dir='ltr'>tenebras,</span> <span class='ocrx_word' id='word_1_240' title='bbox 855 2096 972 2162; x_wconf 84' lang='lat' dir='ltr'>inlrsqus</span> 
     </span>
     <span class='ocr_line' id='line_1_28' title="bbox 53 2163 1005 2236; baseline 0 -17"><span class='ocrx_word' id='word_1_241' title='bbox 53 2163 156 2220; x_wconf 62' lang='lat' dir='ltr'>¹coelum</span> <span class='ocrx_word' id='word_1_242' title='bbox 168 2183 193 2220; x_wconf 85' lang='lat' dir='ltr'>es</span> <span class='ocrx_word' id='word_1_243' title='bbox 204 2163 346 2223; x_wconf 74' lang='lat' dir='ltr'>siderium</span> <span class='ocrx_word' id='word_1_244' title='bbox 358 2171 436 2221; x_wconf 83' lang='lat' dir='ltr'>eadit.</span> <span class='ocrx_word' id='word_1_245' title='bbox 446 2173 533 2220; x_wconf 88' lang='lat' dir='ltr'>Solum</span> <span class='ocrx_word' id='word_1_246' title='bbox 542 2180 632 2236; x_wconf 78' lang='lat' dir='ltr'>prester</span> <span class='ocrx_word' id='word_1_247' title='bbox 643 2170 727 2219; x_wconf 78' lang='lat' dir='ltr'>oleam</span> <span class='ocrx_word' id='word_1_248' title='bbox 739 2170 880 2233; x_wconf 85' lang='lat' dir='ltr'>vitemque,</span> <span class='ocrx_word' id='word_1_249' title='bbox 891 2181 916 2216; x_wconf 86' lang='lat' dir='ltr'>et</span> <span class='ocrx_word' id='word_1_250' title='bbox 925 2183 972 2219; x_wconf 82' lang='lat' dir='ltr'>ee·</span> <span class='ocrx_word' id='word_1_251' title='bbox 1001 2225 1005 2230; x_wconf 50' lang='lat'>‚</span> 
     </span>
     <span class='ocr_line' id='line_1_29' title="bbox 64 2240 1024 2309; baseline 0 -17"><span class='ocrx_word' id='word_1_252' title='bbox 64 2256 119 2293; x_wconf 86' lang='lat' dir='ltr'>tera</span> <span class='ocrx_word' id='word_1_253' title='bbox 134 2244 295 2294; x_wconf 74' lang='lat' dir='ltr'>calidioribus</span> <span class='ocrx_word' id='word_1_254' title='bbox 310 2246 383 2296; x_wconf 85' lang='lat' dir='ltr'>terris</span> <span class='ocrx_word' id='word_1_255' title='bbox 395 2245 457 2294; x_wconf 89' lang='lat' dir='ltr'>oriri</span> <span class='ocrx_word' id='word_1_256' title='bbox 470 2241 555 2303; x_wconf 46' lang='lat' dir='ltr'>suetai</span> <span class='ocrx_word' id='word_1_257' title='bbox 570 2245 668 2309; x_wconf 77' lang='lat' dir='ltr'>petiens</span> <span class='ocrx_word' id='word_1_258' title='bbox 681 2244 795 2308; x_wconf 84' lang='lat' dir='ltr'>lrngum,</span> <span class='ocrx_word' id='word_1_259' title='bbox 814 2240 968 2292; x_wconf 81' lang='lat' dir='ltr'>lecnndnmr</span> <span class='ocrx_word' id='word_1_260' title='bbox 1019 2279 1024 2284; x_wconf 85' lang='lat'>-</span> 
     </span>
     <span class='ocr_line' id='line_1_30' title="bbox 66 2314 972 2385; baseline 0 -19"><span class='ocrx_word' id='word_1_261' title='bbox 66 2314 136 2366; x_wconf 68' lang='lat' dir='ltr'>tardi</span> <span class='ocrx_word' id='word_1_262' title='bbox 163 2318 315 2384; x_wconf 83' lang='lat' dir='ltr'>mitescunt,</span> <span class='ocrx_word' id='word_1_263' title='bbox 342 2319 394 2369; x_wconf 84' lang='lat' dir='ltr'>citd</span> <span class='ocrx_word' id='word_1_264' title='bbox 418 2319 588 2385; x_wconf 83' lang='lat' dir='ltr'>proveniunt,</span> <span class='ocrx_word' id='word_1_265' title='bbox 612 2317 750 2382; x_wconf 81' lang='lat' dir='ltr'>sedemque</span> <span class='ocrx_word' id='word_1_266' title='bbox 777 2319 906 2381; x_wconf 85' lang='lat' dir='ltr'>utriusque</span> <span class='ocrx_word' id='word_1_267' title='bbox 933 2317 972 2366; x_wconf 87' lang='lat' dir='ltr'>rei</span> 
     </span>
     <span class='ocr_line' id='line_1_31' title="bbox 66 2390 971 2457; baseline 0.004 -20"><span class='ocrx_word' id='word_1_268' title='bbox 66 2401 149 2452; x_wconf 82' lang='lat' dir='ltr'>censa,</span> <span class='ocrx_word' id='word_1_269' title='bbox 159 2390 254 2442; x_wconf 86' lang='lat' dir='ltr'>multus</span> <span class='ocrx_word' id='word_1_270' title='bbox 265 2392 357 2442; x_wconf 88' lang='lat' dir='ltr'>humor</span> <span class='ocrx_word' id='word_1_271' title='bbox 370 2404 493 2441; x_wconf 87' lang='lat' dir='ltr'>terrarum</span> <span class='ocrx_word' id='word_1_272' title='bbox 505 2390 621 2457; x_wconf 86' lang='lat' dir='ltr'>coelique.</span> <span class='ocrx_word' id='word_1_273' title='bbox 635 2393 695 2441; x_wconf 84' lang='lat' dir='ltr'>Fert</span> <span class='ocrx_word' id='word_1_274' title='bbox 705 2392 833 2439; x_wconf 79' lang='lat' dir='ltr'>Britannia</span> <span class='ocrx_word' id='word_1_275' title='bbox 841 2407 932 2439; x_wconf 82' lang='lat' dir='ltr'>surum</span> <span class='ocrx_word' id='word_1_276' title='bbox 943 2403 971 2441; x_wconf 82' lang='lat' dir='ltr'>et</span> 
     </span>
     <span class='ocr_line' id='line_1_32' title="bbox 66 2465 970 2530; baseline -0.001 -16"><span class='ocrx_word' id='word_1_277' title='bbox 66 2475 198 2529; x_wconf 75' lang='lat' dir='ltr'>argentum</span> <span class='ocrx_word' id='word_1_278' title='bbox 210 2478 237 2516; x_wconf 86' lang='lat' dir='ltr'>et</span> <span class='ocrx_word' id='word_1_279' title='bbox 251 2468 299 2527; x_wconf 74' lang='lat' dir='ltr'>elin</span> <span class='ocrx_word' id='word_1_280' title='bbox 318 2466 437 2525; x_wconf 81' lang='lat' dir='ltr'>metalla,</span> <span class='ocrx_word' id='word_1_281' title='bbox 449 2466 559 2530; x_wconf 84' lang='lat' dir='ltr'>pretium</span> <span class='ocrx_word' id='word_1_282' title='bbox 576 2467 689 2513; x_wconf 73' lang='lat' dir='ltr'>victoriae</span> <span class='ocrx_word' id='word_1_283' title='bbox 701 2482 707 2511; x_wconf 89' lang='lat'>:</span> <span class='ocrx_word' id='word_1_284' title='bbox 721 2465 801 2530; x_wconf 82' lang='lat' dir='ltr'>gignit</span> <span class='ocrx_word' id='word_1_285' title='bbox 813 2474 838 2512; x_wconf 83' lang='lat' dir='ltr'>st</span> <span class='ocrx_word' id='word_1_286' title='bbox 854 2465 970 2513; x_wconf 85' lang='lat' dir='ltr'>Oceanus</span> 
     </span>
     <span class='ocr_line' id='line_1_33' title="bbox 67 2536 971 2604; baseline -0.003 -19"><span class='ocrx_word' id='word_1_287' title='bbox 67 2540 214 2604; x_wconf 84' lang='lat' dir='ltr'>margarita,</span> <span class='ocrx_word' id='word_1_288' title='bbox 226 2538 271 2587; x_wconf 88' lang='lat' dir='ltr'>sed</span> <span class='ocrx_word' id='word_1_289' title='bbox 281 2538 397 2588; x_wconf 75' lang='lat' dir='ltr'>subfusca</span> <span class='ocrx_word' id='word_1_290' title='bbox 410 2555 439 2587; x_wconf 82' lang='lat' dir='ltr'>ec</span> <span class='ocrx_word' id='word_1_291' title='bbox 447 2539 561 2594; x_wconf 80' lang='lat' dir='ltr'>liventia.</span> <span class='ocrx_word' id='word_1_292' title='bbox 573 2536 682 2598; x_wconf 83' lang='lat' dir='ltr'>Quidam</span> <span class='ocrx_word' id='word_1_293' title='bbox 691 2549 773 2585; x_wconf 85' lang='lat' dir='ltr'>artem</span> <span class='ocrx_word' id='word_1_294' title='bbox 786 2538 871 2585; x_wconf 80' lang='lat' dir='ltr'>abesse</span> <span class='ocrx_word' id='word_1_295' title='bbox 882 2538 971 2599; x_wconf 88' lang='lat' dir='ltr'>legeu-</span> 
     </span>
     <span class='ocr_line' id='line_1_34' title="bbox 67 2606 972 2674; baseline -0.008 -13"><span class='ocrx_word' id='word_1_296' title='bbox 67 2612 136 2661; x_wconf 89' lang='lat' dir='ltr'>tibus</span> <span class='ocrx_word' id='word_1_297' title='bbox 145 2612 314 2661; x_wconf 85' lang='lat' dir='ltr'>arbitrantur:</span> <span class='ocrx_word' id='word_1_298' title='bbox 325 2630 382 2663; x_wconf 79' lang='lat' dir='ltr'>uem</span> <span class='ocrx_word' id='word_1_299' title='bbox 389 2616 416 2661; x_wconf 90' lang='lat' dir='ltr'>in</span> <span class='ocrx_word' id='word_1_300' title='bbox 422 2612 500 2661; x_wconf 87' lang='lat' dir='ltr'>rubro</span> <span class='ocrx_word' id='word_1_301' title='bbox 511 2612 573 2660; x_wconf 83' lang='lat' dir='ltr'>meri</span> <span class='ocrx_word' id='word_1_302' title='bbox 586 2611 642 2658; x_wconf 79' lang='lat' dir='ltr'>vivs</span> <span class='ocrx_word' id='word_1_303' title='bbox 651 2606 805 2674; x_wconf 73' lang='lat' dir='ltr'>respirantia</span> <span class='ocrx_word' id='word_1_304' title='bbox 815 2608 972 2666; x_wconf 69' lang='lat' dir='ltr'>resisterem,-</span> 
     </span>
     <span class='ocr_line' id='line_1_35' title="bbox 69 2679 969 2751; baseline -0.006 -19"><span class='ocrx_word' id='word_1_305' title='bbox 69 2685 95 2733; x_wconf 90' lang='lat' dir='ltr'>in</span> <span class='ocrx_word' id='word_1_306' title='bbox 110 2679 243 2732; x_wconf 69' lang='lat' dir='ltr'>Britannid</span> <span class='ocrx_word' id='word_1_307' title='bbox 253 2697 329 2749; x_wconf 86' lang='lat' dir='ltr'>prout</span> <span class='ocrx_word' id='word_1_308' title='bbox 341 2686 446 2751; x_wconf 84' lang='lat' dir='ltr'>expulsa</span> <span class='ocrx_word' id='word_1_309' title='bbox 464 2686 514 2733; x_wconf 90' lang='lat' dir='ltr'>sint</span> <span class='ocrx_word' id='word_1_310' title='bbox 526 2682 612 2746; x_wconf 87' lang='lat' dir='ltr'>colligi</span> <span class='ocrx_word' id='word_1_311' title='bbox 624 2700 630 2729; x_wconf 71' lang='grc' dir='ltr'><strong><em>ε</em></strong></span> <span class='ocrx_word' id='word_1_312' title='bbox 646 2697 692 2745; x_wconf 82' lang='lat' dir='ltr'>ego</span> <span class='ocrx_word' id='word_1_313' title='bbox 705 2680 802 2728; x_wconf 76' lang='lat' dir='ltr'>facilins</span> <span class='ocrx_word' id='word_1_314' title='bbox 817 2680 969 2734; x_wconf 85' lang='lat' dir='ltr'>crediderim</span> 
     </span>
     <span class='ocr_line' id='line_1_36' title="bbox 66 2753 768 2820; baseline -0.01 -15"><span class='ocrx_word' id='word_1_315' title='bbox 66 2767 184 2805; x_wconf 77' lang='lat' dir='ltr'>naturam</span> <span class='ocrx_word' id='word_1_316' title='bbox 196 2758 336 2820; x_wconf 79' lang='lat' dir='ltr'>margaritis</span> <span class='ocrx_word' id='word_1_317' title='bbox 346 2758 443 2817; x_wconf 80' lang='lat' dir='ltr'>deesse,</span> <span class='ocrx_word' id='word_1_318' title='bbox 457 2754 532 2820; x_wconf 71' lang='lat' dir='ltr'>quim</span> <span class='ocrx_word' id='word_1_319' title='bbox 544 2755 619 2804; x_wconf 85' lang='lat' dir='ltr'>nobis</span> <span class='ocrx_word' id='word_1_320' title='bbox 630 2753 768 2800; x_wconf 75' lang='lat' dir='ltr'>avaritiam.</span> 
     </span>
    </p>

    <p class='ocr_par' dir='ltr' id='par_1_5' title="bbox 55 2823 970 3407">
     <span class='ocr_line' id='line_1_37' title="bbox 100 2823 970 2894; baseline -0.002 -17"><span class='ocrx_word' id='word_1_321' title='bbox 100 2825 175 2877; x_wconf 87' lang='lat' dir='ltr'>Xlll.</span> <span class='ocrx_word' id='word_1_322' title='bbox 190 2826 241 2894; x_wconf 85' lang='lat' dir='ltr'>lpsi</span> <span class='ocrx_word' id='word_1_323' title='bbox 255 2830 367 2881; x_wconf 84' lang='lat' dir='ltr'>Britanni</span> <span class='ocrx_word' id='word_1_324' title='bbox 383 2832 526 2885; x_wconf 80' lang='lat' dir='ltr'>delectum,</span> <span class='ocrx_word' id='word_1_325' title='bbox 540 2843 570 2875; x_wconf 78' lang='lat' dir='ltr'>ac</span> <span class='ocrx_word' id='word_1_326' title='bbox 589 2827 682 2874; x_wconf 87' lang='lat' dir='ltr'>tributa</span> <span class='ocrx_word' id='word_1_327' title='bbox 700 2837 725 2872; x_wconf 89' lang='lat' dir='ltr'>et</span> <span class='ocrx_word' id='word_1_328' title='bbox 745 2823 855 2886; x_wconf 78' lang='lat' dir='ltr'>injuncta</span> <span class='ocrx_word' id='word_1_329' title='bbox 869 2825 970 2891; x_wconf 80' lang='lat' dir='ltr'>imperii</span> 
     </span>
     <span class='ocr_line' id='line_1_38' title="bbox 67 2897 970 2970; baseline -0.003 -20"><span class='ocrx_word' id='word_1_330' title='bbox 67 2916 173 2950; x_wconf 83' lang='lat' dir='ltr'>munera</span> <span class='ocrx_word' id='word_1_331' title='bbox 181 2902 288 2970; x_wconf 73' lang='lat' dir='ltr'>impigre</span> <span class='ocrx_word' id='word_1_332' title='bbox 300 2905 408 2964; x_wconf 88' lang='lat' dir='ltr'>obeunt,</span> <span class='ocrx_word' id='word_1_333' title='bbox 420 2907 441 2954; x_wconf 87' lang='lat' dir='ltr'>si</span> <span class='ocrx_word' id='word_1_334' title='bbox 451 2902 549 2970; x_wconf 75' lang='lat' dir='ltr'>injuriae</span> <span class='ocrx_word' id='word_1_335' title='bbox 555 2900 650 2949; x_wconf 82' lang='lat' dir='ltr'>absint:</span> <span class='ocrx_word' id='word_1_336' title='bbox 664 2897 777 2963; x_wconf 73' lang='lat' dir='ltr'>ltasaegre</span> <span class='ocrx_word' id='word_1_337' title='bbox 788 2899 907 2957; x_wconf 83' lang='lat' dir='ltr'>tolerent,</span> <span class='ocrx_word' id='word_1_338' title='bbox 921 2899 970 2961; x_wconf 77' lang='lat' dir='ltr'>ism</span> 
     </span>
     <span class='ocr_line' id='line_1_39' title="bbox 68 2969 969 3046; baseline -0.001 -25"><span class='ocrx_word' id='word_1_339' title='bbox 68 2974 157 3023; x_wconf 89' lang='lat' dir='ltr'>domiti</span> <span class='ocrx_word' id='word_1_340' title='bbox 168 2988 197 3025; x_wconf 89' lang='lat' dir='ltr'>nt</span> <span class='ocrx_word' id='word_1_341' title='bbox 210 2992 332 3044; x_wconf 81' lang='lat' dir='ltr'>pareant,</span> <span class='ocrx_word' id='word_1_342' title='bbox 346 2979 460 3028; x_wconf 90' lang='lat' dir='ltr'>nondum</span> <span class='ocrx_word' id='word_1_343' title='bbox 472 2989 501 3023; x_wconf 90' lang='lat' dir='ltr'>ut</span> <span class='ocrx_word' id='word_1_344' title='bbox 517 2975 637 3023; x_wconf 75' lang='lat' dir='ltr'>serviunt.</span> <span class='ocrx_word' id='word_1_345' title='bbox 650 2969 730 3037; x_wconf 84' lang='lat' dir='ltr'>lgitur</span> <span class='ocrx_word' id='word_1_346' title='bbox 742 2974 839 3037; x_wconf 81' lang='lat' dir='ltr'>primns</span> <span class='ocrx_word' id='word_1_347' title='bbox 853 2975 969 3046; x_wconf 65' lang='lat' dir='ltr'>omnium</span> 
     </span>
     <span class='ocr_line' id='line_1_40' title="bbox 67 3045 969 3107; baseline -0.004 -10"><span class='ocrx_word' id='word_1_348' title='bbox 67 3049 237 3097; x_wconf 82' lang='lat' dir='ltr'>Romanorum</span> <span class='ocrx_word' id='word_1_349' title='bbox 257 3050 331 3098; x_wconf 83' lang='lat' dir='ltr'>dirus</span> <span class='ocrx_word' id='word_1_350' title='bbox 347 3053 428 3099; x_wconf 83' lang='lat' dir='ltr'>Julius</span> <span class='ocrx_word' id='word_1_351' title='bbox 448 3066 507 3097; x_wconf 86' lang='lat' dir='ltr'>curn</span> <span class='ocrx_word' id='word_1_352' title='bbox 524 3047 638 3096; x_wconf 79' lang='lat' dir='ltr'>exercitu</span> <span class='ocrx_word' id='word_1_353' title='bbox 656 3046 811 3095; x_wconf 77' lang='lat' dir='ltr'>Britanniam</span> <span class='ocrx_word' id='word_1_354' title='bbox 829 3045 969 3107; x_wconf 83' lang='lat' dir='ltr'>ingressus,</span> 
     </span>
     <span class='ocr_line' id='line_1_41' title="bbox 67 3113 969 3189; baseline 0.001 -23"><span class='ocrx_word' id='word_1_355' title='bbox 67 3136 210 3186; x_wconf 78' lang='lat' dir='ltr'>qrtnnquam</span> <span class='ocrx_word' id='word_1_356' title='bbox 218 3113 338 3189; x_wconf 69' lang='lat' dir='ltr'>prosperi</span> <span class='ocrx_word' id='word_1_357' title='bbox 346 3121 427 3189; x_wconf 79' lang='lat' dir='ltr'>pugni</span> <span class='ocrx_word' id='word_1_358' title='bbox 441 3122 556 3170; x_wconf 85' lang='lat' dir='ltr'>terruerit</span> <span class='ocrx_word' id='word_1_359' title='bbox 567 3119 677 3174; x_wconf 83' lang='lat' dir='ltr'>incolns,</span> <span class='ocrx_word' id='word_1_360' title='bbox 689 3134 717 3164; x_wconf 88' lang='lat' dir='ltr'>ac</span> <span class='ocrx_word' id='word_1_361' title='bbox 725 3119 809 3166; x_wconf 88' lang='lat' dir='ltr'>littore</span> <span class='ocrx_word' id='word_1_362' title='bbox 820 3120 913 3181; x_wconf 80' lang='lat' dir='ltr'>potitus</span> <span class='ocrx_word' id='word_1_363' title='bbox 923 3119 969 3179; x_wconf 84' lang='lat' dir='ltr'>sit,</span> 
     </span>
     <span class='ocr_line' id='line_1_42' title="bbox 66 3188 970 3261; baseline -0.003 -20"><span class='ocrx_word' id='word_1_364' title='bbox 66 3202 151 3259; x_wconf 88' lang='lat' dir='ltr'>potest</span> <span class='ocrx_word' id='word_1_365' title='bbox 162 3192 243 3241; x_wconf 75' lang='lat' dir='ltr'>videri</span> <span class='ocrx_word' id='word_1_366' title='bbox 253 3199 393 3245; x_wconf 79' lang='lat' dir='ltr'>ostendisse</span> <span class='ocrx_word' id='word_1_367' title='bbox 404 3195 525 3261; x_wconf 82' lang='lat' dir='ltr'>posteris,</span> <span class='ocrx_word' id='word_1_368' title='bbox 537 3208 589 3239; x_wconf 85' lang='lat' dir='ltr'>non</span> <span class='ocrx_word' id='word_1_369' title='bbox 603 3188 744 3239; x_wconf 78' lang='lat' dir='ltr'>tradidisse.</span> <span class='ocrx_word' id='word_1_370' title='bbox 755 3188 818 3236; x_wconf 76' lang='lat' dir='ltr'>Mox</span> <span class='ocrx_word' id='word_1_371' title='bbox 830 3188 894 3238; x_wconf 83' lang='lat' dir='ltr'>bella</span> <span class='ocrx_word' id='word_1_372' title='bbox 905 3192 970 3238; x_wconf 88' lang='lat' dir='ltr'>civl·</span> 
     </span>
     <span class='ocr_line' id='line_1_43' title="bbox 65 3262 968 3335; baseline -0.003 -23"><span class='ocrx_word' id='word_1_373' title='bbox 65 3265 114 3322; x_wconf 87' lang='lat' dir='ltr'>lia,</span> <span class='ocrx_word' id='word_1_374' title='bbox 129 3275 154 3310; x_wconf 87' lang='lat' dir='ltr'>et</span> <span class='ocrx_word' id='word_1_375' title='bbox 169 3266 195 3313; x_wconf 91' lang='lat' dir='ltr'>in</span> <span class='ocrx_word' id='word_1_376' title='bbox 206 3270 389 3335; x_wconf 76' lang='lat' dir='ltr'>rempublicam</span> <span class='ocrx_word' id='word_1_377' title='bbox 405 3273 474 3316; x_wconf 80' lang='lat' dir='ltr'>rer&#39;sr</span> <span class='ocrx_word' id='word_1_378' title='bbox 485 3267 630 3331; x_wconf 74' lang='lat' dir='ltr'>principum</span> <span class='ocrx_word' id='word_1_379' title='bbox 642 3279 726 3319; x_wconf 78' lang='lat' dir='ltr'>arms,</span> <span class='ocrx_word' id='word_1_380' title='bbox 742 3279 771 3309; x_wconf 80' lang='lat' dir='ltr'>ac</span> <span class='ocrx_word' id='word_1_381' title='bbox 784 3262 857 3325; x_wconf 81' lang='lat' dir='ltr'>longa</span> <span class='ocrx_word' id='word_1_382' title='bbox 871 3262 968 3310; x_wconf 82' lang='lat' dir='ltr'>oblivio</span> 
     </span>
     <span class='ocr_line' id='line_1_44' title="bbox 55 3332 967 3407; baseline 0.001 -22"><span class='ocrx_word' id='word_1_383' title='bbox 55 3338 212 3400; x_wconf 65' lang='lat' dir='ltr'>Britannis,</span> <span class='ocrx_word' id='word_1_384' title='bbox 225 3343 301 3391; x_wconf 79' lang='lat' dir='ltr'>etiarn</span> <span class='ocrx_word' id='word_1_385' title='bbox 315 3344 341 3392; x_wconf 86' lang='lat' dir='ltr'>in</span> <span class='ocrx_word' id='word_1_386' title='bbox 351 3337 586 3407; x_wconf 61' lang='lat' dir='ltr'>pronconsulem</span> <span class='ocrx_word' id='word_1_387' title='bbox 596 3334 622 3383; x_wconf 85' lang='lat' dir='ltr'>id</span> <span class='ocrx_word' id='word_1_388' title='bbox 632 3333 705 3382; x_wconf 83' lang='lat' dir='ltr'>divus</span> <span class='ocrx_word' id='word_1_389' title='bbox 716 3333 844 3397; x_wconf 76' lang='lat' dir='ltr'>Augustus</span> <span class='ocrx_word' id='word_1_390' title='bbox 855 3332 967 3391; x_wconf 74' lang='lat' dir='ltr'>vocabu,</span> 
     </span>
    </p>
   </div>
   <div class='ocr_carea' id='block_1_5' title="bbox 66 3403 970 3527">
    <p class='ocr_par' dir='ltr' id='par_1_6' title="bbox 66 3403 970 3527">
     <span class='ocr_line' id='line_1_45' title="bbox 66 3403 970 3527; baseline -0.007 -66"><span class='ocrx_word' id='word_1_391' title='bbox 66 3411 359 3485; x_wconf 78' lang='lat' dir='ltr'>Tiberinsproeceptum.</span> <span class='ocrx_word' id='word_1_392' title='bbox 372 3415 487 3483; x_wconf 78' lang='lat' dir='ltr'>Agitairse</span> <span class='ocrx_word' id='word_1_393' title='bbox 497 3414 527 3461; x_wconf 84' lang='lat' dir='ltr'>C.</span> <span class='ocrx_word' id='word_1_394' title='bbox 541 3413 665 3466; x_wconf 71' lang='lat' dir='ltr'>Cesaram</span> <span class='ocrx_word' id='word_1_395' title='bbox 675 3408 706 3458; x_wconf 90' lang='lat' dir='ltr'>de</span> <span class='ocrx_word' id='word_1_396' title='bbox 716 3406 831 3527; x_wconf 50' lang='lat' dir='ltr'>intr&#39;alrpdd</span> <span class='ocrx_word' id='word_1_397' title='bbox 839 3403 970 3460; x_wconf 52' lang='lat' dir='ltr'>Britanni&amp;</span> 
     </span>
     <span class='ocr_line' id='line_1_46' title="bbox 819 3491 835 3524; baseline 0 0"><span class='ocrx_word' id='word_1_398' title='bbox 819 3491 835 3524; x_wconf 80' lang='lat' dir='ltr'>a</span> 
     </span>
    </p>
   </div>
   <div class='ocr_carea' id='block_1_6' title="bbox 0 0 1128 3817">
    <p class='ocr_par' dir='ltr' id='par_1_7' title="bbox 0 0 1128 3817">
     <span class='ocr_line' id='line_1_47' title="bbox 0 0 1128 3817; baseline 0 0"><span class='ocrx_word' id='word_1_399' title='bbox 0 0 1128 3817; x_wconf 95' lang='lat' dir='ltr'> </span> 
     </span>
    </p>
   </div>
  </div>
 </body>
</html>
