2234 3817
111 144 161 199 tos
240 138 320 190 x*
429 150 698 193 connumeras
755 155 760 164 ·
824 127 829 136 ’

115 239 206 308 optimi
217 236 335 300 maximi,
349 237 505 303 suspicatdl
521 236 672 303 majorIbus,
688 236 778 302 pignos
792 234 904 301 imperii,
923 236 1023 284 eondii

113 327 184 377 tam,
197 329 271 377 quarn
282 312 457 360 noo'Porsena
469 311 555 360 deditii
567 312 642 374 urbe,
655 327 736 374 neque
748 307 817 373 Galli
828 307 901 373 capta
908 343 917 368 ,
934 320 1022 357 terne·

113 404 169 436 rare
191 388 347 450 potuissent,
366 382 454 433 furore
474 380 620 450 principum
640 381 771 433 exscindil
791 381 896 430 Arserat
915 394 943 430 et
964 382 1025 431 anti

115 459 267 524 Capitolium
280 458 348 504 cirili
359 458 445 518 bello,
462 459 505 507 sed
521 458 608 507 fraude
622 456 739 523 privata:
753 471 822 504 nnnc
833 457 918 520 palam
931 455 1024 504 obses-

112 549 179 587 sum,
190 534 273 598 palam
282 533 428 581 incensum:
440 533 672 597 quibuanrmorum
681 528 781 580 causis?
793 547 844 594 quo
854 540 931 577 tantae
943 527 1024 578 cladis

113 609 196 672 pretio
206 601 293 655 stetit?
305 622 352 670 pro
361 619 405 670 pat
421 604 443 654 'a
456 604 608 656 bellavimus
618 604 909 667 lvorerat'l'arquinius
920 603 1024 651 Priscus

113 700 173 741 rer,
192 681 260 728 bello
277 679 387 741 Sabino,
408 681 548 743 ieceratque
566 680 745 742 fundamenta,
765 695 809 744 spe
830 679 906 741 magis
927 675 1022 724 lutura

113 751 308 817 magnitudinis,
319 750 396 816 quim
408 752 458 816 qud
472 752 579 801 modica
591 752 672 801 adbuc
682 753 769 818 populi
780 751 888 799 Romani
897 765 934 796 res
945 749 1024 797 sulii-

114 838 199 875 cerent
209 842 214 874 :
226 841 287 872 mox
302 825 406 874 Servius
418 826 537 887 Tullius,
549 827 675 888 sociorum
689 823 789 889 studi05
804 822 893 871 deinde
906 822 1025 885 Tarqui-

113 899 170 949 nius
179 897 317 963 Superbus,
331 897 403 962 capta
414 896 503 946 Suessi
513 896 638 954 Pometia,
653 897 766 945 bostium
778 897 866 962 spoliis
878 895 1024 944 extruxere.

115 972 166 1020 Sed
184 972 262 1035 gloria
281 973 364 1037 operis
380 972 493 1022 libertati
504 982 633 1019 'reservata
645 988 652 1018 ε
664 972 744 1037 pulsis
762 970 880 1035 regibus,
899 971 1024 1018 Horatius

114 1047 252 1103 Pulvillus,
264 1046 356 1094 iterum
367 1046 469 1106 consul,
480 1045 623 1122 dedicarit,
634 1045 661 1093 ed
671 1044 872 1110 magnificentia,
885 1061 963 1108 quam
974 1044 1025 1091 im·

114 1134 205 1167 mensa
216 1129 302 1182 postca
312 1119 404 1184 populi
415 1120 523 1171 Romani
533 1134 595 1184 opes
606 1130 727 1168 ornarent
737 1114 824 1184 potiris
831 1153 839 1176 ,
852 1115 930 1178 quim
942 1131 1024 1181 auge·
1092 1134 1094 1167 ς

115 1204 181 1244 rent.
198 1190 292 1240 Iisdem
309 1190 396 1241 rurstis
416 1193 527 1258 vestigiis
548 1192 628 1240 situ'm
649 1205 701 1252 est,
721 1189 871 1258 postqum,
890 1189 1025 1253 interjecto

117 1279 216 1317 ccccxv
229 1282 352 1317 annorum
361 1268 455 1332 spatio,
466 1268 496 1318 L.
510 1267 641 1332 Scipione,
653 1269 683 1317 C.
694 1267 814 1315 Norbano
824 1280 889 1313 coss.
899 1265 1024 1327 flagrave-
1093 1286 1094 1289 ¹

116 1351 164 1391 rat.
184 1342 276 1389 Curam
293 1339 375 1387 victor
389 1341 458 1388 Sulla
477 1341 605 1406 suscepit,
622 1357 702 1405 neque
719 1352 805 1389 tamen
817 1338 961 1387 dedicavit:
975 1336 1022 1384 boc
1092 1362 1094 1403 3

91 1434 93 1440 ’
118 1415 201 1464 solum
214 1412 328 1462 felicitati
341 1414 395 1478 eius
405 1425 536 1480 negatum.
547 1415 644 1464 Lutatii
656 1416 738 1462 Catuli
749 1430 858 1475 nomen,
869 1413 936 1459 inter
955 1422 1023 1459 tanta

119 1488 245 1535 Caesarum
256 1501 348 1553 opera,
359 1504 437 1560 usque
452 1488 487 1539 ad
502 1489 637 1541 Vitellium
654 1490 756 1539 mansit.
770 1488 806 1537 Ea
820 1499 880 1535 tunc
892 1483 1024 1534 aedes'cre·
1093 1496 1094 1519 t

118 1559 244 1609 mabatur.
991 1614 994 1619 .

152 1631 270 1681 LXXIII.
290 1630 339 1679 Sed
349 1631 404 1696 plus
413 1632 511 1695 pararis
521 1635 641 1690 obsessis,
656 1634 731 1695 quarn
743 1633 918 1681 obsessoribus
930 1629 1027 1679 intulit.
1093 1652 1094 1655 ¹

123 1706 224 1771 Quippe
242 1705 393 1754 Vitellianus
410 1704 497 1762 miles,
511 1721 592 1770 neque
610 1715 779 1768 astu,neque
796 1704 940 1751 constantia
960 1704 1029 1749 inter

122 1777 199 1826 dubia
211 1776 348 1843 indigebat.
358 1778 398 1828 Er
409 1774 508 1827 diverso
518 1778 613 1845 trepidi
623 1778 731 1835 milites,
740 1777 791 1825 dux
800 1777 882 1842 segnis
893 1785 936 1834 ‚et
943 1774 1031 1822 veluti

124 1853 312 1918 captusanimi‚
323 1869 375 1901 non
385 1851 487 1918 lingui,
500 1869 551 1905 non
563 1853 664 1903 auribus
676 1861 833 1917 competere:
842 1865 926 1913 neque
938 1846 1030 1895 alienis

124 1926 235 1974 consiliis
246 1926 308 1991 regi,
321 1943 403 1993 neque
415 1928 590 1994 suaexpedire
602 1945 607 1975 :
619 1925 669 1974 buc
681 1926 740 1974 illuc
752 1925 906 1973 clamoribus
914 1923 1029 1972 bostium
1093 1972 1094 1983 ,

126 2000 277 2071 circumagi:
288 2016 341 2062 quae
354 2003 459 2065 jusserat
470 2014 571 2065 vetare,
586 2017 641 2066 quae
651 2011 765 2048 vetuerat
773 1999 866 2063 iubere.
878 1998 954 2060 Mox,
965 1994 1031 2062 qnod

126 2075 154 2122 in
164 2072 268 2138 perditis
280 2072 356 2121 rebus
368 2073 473 2131 accidit,
488 2091 576 2125 omnes
586 2074 737 2141 precipere,
750 2088 824 2124 nemo
835 2071 937 2134 exsequi
950 2089 956 2116 :
970 2086 1029 2135 pos·

126 2145 221 2211 nesib,
232 2145 333 2211 abjectis
345 2148 422 2199 armis
433 2146 574 2214 ,ingemet
585 2148 691 2197 fallendi
703 2159 768 2195 artes
776 2144 1029 2209 circumspectabant.

127 2219 276 2284 irrumpunt
293 2218 442 2281 Vitelliani,
460 2234 486 2270 et
505 2235 596 2273 cuncta
616 2224 751 2288 sanguine,
773 2221 854 2281 ferro,
876 2219 1032 2282 flammisque

91 2330 95 2337 .
129 2293 243 2347 miscent.
259 2288 334 2336 Pauci
344 2292 494 2340 militarium
506 2297 630 2350 vitorum,
646 2297 712 2343 inter
721 2312 784 2358 quos
793 2291 904 2342 maximd
916 2293 1031 2356 insignes,

130 2361 260 2412 Cornelius
270 2357 395 2408 Martialis
404 2363 539 2417 ,AEmilius
547 2367 666 2413 PacenaIs
676 2402 682 2423 ‚
694 2369 828 2431 Casperius
838 2366 932 2430 Niger,
945 2364 1030 2412 Didius

128 2434 338 2496 Scaeva,pugnam
347 2434 410 2490 ausi,
420 2430 617 2483 obtruncantur.'
624 2435 741 2484 Flavium
751 2438 890 2496 Sabinum,
903 2438 1031 2491 inermem,

133 2522 214 2571 neque
231 2504 312 2570 lugam
325 2517 491 2571 coeptantem,
505 2506 709 2567 circumsistunt,
722 2521 748 2557 et
760 2508 912 2577 Quinctipm
923 2502 1032 2559 Atticum
1093 2498 1094 2539 l

52 2586 54 2590 ’
134 2580 273 2638 consulem,
283 2576 372 2625 umbi-t
385 2577 497 2635 honoris,
508 2590 534 2627 et
546 2578 645 2630 suimet
654 2584 767 2631 vanitate
779 2595 958 2639 monstratum,
970 2579 1033 2645 qubd
1093 2590 1094 2596 ’

117 2644 125 2722 ἰ
136 2655 218 2706 adleta
228 2654 253 2700 in
265 2650 397 2719 populum,
406 2670 453 2720 pro
464 2653 621 2721 Vespasiano
633 2657 775 2721 magnifica,
786 2658 906 2723 probrosa
918 2656 1033 2704 adversus

134 2729 268 2782 Vitellium
284 2727 384 2790 jecerat.
397 2729 480 2776 Ceteri
493 2745 539 2794 per
553 2734 635 2778 rarius
647 2746 718 2778 casus
732 2731 823 2796 elapsi,
836 2728 938 2793 quidam
951 2729 1034 2777 servili

135 2802 234 2857 babitu,
243 2800 284 2847 alii
295 2798 344 2847 lide
352 2801 483 2872 clientium
494 2802 614 2860 contecti,
624 2804 721 2851 etinter
732 2803 838 2864 sarcinas
848 2799 934 2848 abditi.
944 2800 1033 2866 Fuere,

134 2876 187 2938 qui,
197 2884 302 2936 ercepto
312 2873 506 2923 Vitellianorum
516 2875 598 2937 signo,
608 2890 658 2937 quo
669 2877 735 2922 inter
745 2891 771 2921 se
782 2872 953 2926 noscebantur,
965 2873 1033 2920 ultro

135 2947 273 3010 rogitantes
283 2948 494 3009 respondentesve
503 2984 509 3007 ,
522 2947 652 2996 audaciam
665 2954 711 3013 pro
719 2946 813 2995 latebra
823 2944 952 2991 baberent.

113 3020 115 3023 ’
171 3017 292 3071 LXXIV.
310 3019 487 3078 Domitianus,
497 3020 578 3086 primi
591 3022 730 3085 irruptione
741 3018 806 3084 apud
816 3015 939 3063 adituum
950 3018 1034 3065 occul·

137 3103 213 3149 tatus.
224 3089 325 3137 solertia
336 3091 431 3153 liberti,
443 3096 511 3143 linco
523 3097 616 3145 amictu
628 3094 707 3142 turha
719 3092 894 3149 sacricolarum
904 3091 1033 3139 immixtus

136 3167 330 3230 ignoratusque,
352 3165 420 3229 apud
438 3168 582 3213 Cornelium
602 3166 732 3220 Primum,
749 3178 882 3230 paternum
900 3165 1031 3222 clientem,

134 3238 205 3301 juxta
216 3235 366 3297 Velabrum,
376 3238 486 3287 delituit.
497 3239 534 3292 Ac
544 3240 657 3304 potiente
668 3256 751 3287 rernm
762 3252 846 3304 patre,
856 3236 964 3301 disjecto
976 3238 1033 3285 adi-

134 3309 174 3355 tui
185 3307 352 3374 contubernio
359 3311 509 3368 ,modicum
520 3313 639 3359 sacellum
651 3314 710 3360 Juvr
722 3325 938 3373 cousnnvarom,
953 3328 1034 3359 aram-

134 3395 185 3451 puc
204 3380 305 3453 posuit,
324 3396 394 3433 casus
409 3378 505 3439 suos'in
520 3400 647 3437 marmore
660 3400 811 3453 expressam.
827 3384 892 3443 Mox
909 3385 1037 3457 imperium
