2234 3817
350 120 353 129 Ἀ
433 74 614 116 trssnrnrt
633 76 699 119 urs.
722 75 765 115 rr.
962 116 963 119 ,
1008 42 1056 121 {55

146 159 277 234 capitulis
292 165 320 207 et
335 154 378 207 ars
394 152 508 209 somma
520 157 802 211 manibus-eorumdem
815 155 956 223 prestratis.
974 157 1056 213 Frue-

142 253 231 296 rentur
241 233 302 285 sane
313 233 440 283 vocabulo
451 234 580 283 civitatis:
594 230 638 284 se'd
650 233 757 299 insignia
772 243 885 299 patrum,
899 232 989 283 decora
1000 252 1056 295 rna-

140 319 314 384 gistratuum,
330 324 363 357 ne
376 307 539 373 vulgarent».

168 387 271 439 XXIV.
285 385 332 436 His
345 393 421 447 atque
439 383 532 432 talibus
548 381 616 431 baud
630 391 761 448 permotus
771 382 908 446 princeps,
926 391 953 428 et
969 383 1055 432 statim

140 458 234 530 contrd
244 457 375 515 disseruit,
389 467 428 515 et,
439 468 529 505 vocato
537 467 639 515 senatu,
651 455 686 504 ita
695 470 798 503 exorsus
806 466 844 503 est
853 453 997 516 setteis-es
1003 456 1055 502 mei

65 562 71 572 -
140 536 268 604 (quorum
275 533 465 599 antiquissimus
474 529 690 595 Claususmrigine
698 528 798 593 Sabina,
804 530 880 577 simul
887 528 912 575 in
923 528 1054 576 civitatem

146 610 302 667 Romanam,
312 621 339 657 et
349 609 375 657 iu
386 607 493 657 familias
503 607 670 672 patriciorum
678 603 788 654 adscitus
797 602 850 665 est)
862 601 1007 659 hortantur,
1017 602 1055 650 uti

146 684 250 752 paribus
259 681 372 733 consiliis
381 681 564 746 rempublicam
572 690 715 751 capessam}
726 673 900 726 transferendo
913 672 976 741 buc,
987 671 1056 736 quod

147 773 254 822 usquam
263 755 392 825 egregium
400 753 486 805 fuerit.
498 753 588 817 Neque
597 750 666 801 enim
677 751 766 821 ignoro
776 747 857 797 Julius
866 746 946 810 atus,
960 749 1058 795 Corun-

146 832 233 882 canios
243 830 373 890 Camerio,
382 824 620 880 PorciosTusculo,
629 834 670 877 et,
680 839 712 872 ne
723 833 804 873 vetera
814 834 969 881 scrutemur,
980 822 1057 868 Etru·

143 904 185 957 ria
199 901 374 966 Lucanidque,
393 911 418 948 et
435 896 654 952 omni.1ratia‚in
670 905 788 959 senatum
802 894 906 955 accitos.
922 892 1063 943 Postremd‘

143 980 228 1047 ipsam
237 976 270 1026 sd
276 976 353 1044 Alpes
359 983 502 1040 promotam
510 1004 518 1033 ,
527 981 557 1019 ut
566 986 618 1018 non
627 966 705 1018 modd
713 967 805 1035 singuli
814 967 907 1015 viritim
914 969 925 1027 ‚'
932 965 976 1014 sed
986 977 1055 1017 terta

144 1064 285 1118 gentesque
303 1051 328 1098 in
345 1063 439 1099 nomen
461 1055 579 1095 nostrum
595 1042 774 1090 coalescerent.
790 1039 864 1090 Tunc
882 1038 962 1088 solida
986 1039 1057 1091 domi

147 1123 219 1189 quies
226 1135 270 1186 ‚et
282 1116 404 1171 adversius
412 1129 514 1168 externa
525 1115 675 1177 floruimus,
686 1129 766 1178 quum
777 1111 949 1179 Transpadani
959 1113 984 1160 in
996 1113 1059 1160 civi·

148 1211 228 1249 tatem
239 1199 336 1265 recepti
347 1232 354 1253 ,
365 1210 444 1261 quum
454 1191 555 1258 ,specie
568 1188 733 1238 deductarum
742 1205 786 1254 per
798 1188 887 1236 orbem
897 1188 1058 1253 tetralegio·

118 1284 120 1290 '
151 1289 224 1330 num,
232 1272 324 1322 additis
332 1268 529 1339 provincialium
537 1263 700 1314 validissimis
707 1260 1057 1327 ,iessoimpericsubveutum
1080 1248 1086 1255 ⁸

152 1359 201 1396 est.
211 1347 277 1396 Num
287 1346 392 1413 poenitet
403 1343 496 1393 Balbos
505 1356 535 1388 ex
544 1335 680 1404 Hispauid,
694 1351 741 1399 nep
751 1332 837 1384 minsis
845 1336 955 1399 insigues
967 1331 1058 1385 virosi

152 1419 236 1471 Gallis
247 1420 403 1473 Narbonensi
413 1411 576 1481 transivisse?
585 1413 690 1460 Manent
698 1412 793 1475 posteri
802 1425 889 1461 totum
895 1445 902 1469 ,
914 1425 961 1458 uec
972 1405 1058 1459 amore

151 1494 179 1544 in
189 1494 253 1545 banc
260 1495 366 1561 patriam
375 1479 450 1543 nobis
460 1487 613 1538 concedunt.
622 1483 691 1545 Quid
699 1483 770 1533 aliud
778 1481 856 1533 exitio
863 1479 1059 1545 Lacedaemqniis

151 1579 178 1617 et
186 1557 387 1618 Atheniensibus
397 1564 462 1623 luit,
473 1576 616 1629 quanquam
626 1559 703 1607 armis
711 1557 854 1623 pollerent,
865 1557 914 1606 uisi
923 1555 994 1620 qudd
1005 1554 1060 1600 vic-

116 1692 117 1701 *
147 1651 189 1690 tos
197 1659 247 1708 pro
260 1640 406 1709 alienigenis
413 1638 531 1689 arcebant
538 1631 549 1684 ?
556 1633 592 1684 Ar
601 1630 719 1681 conditor
728 1642 814 1683 noster
822 1630 948 1679 Romulus
959 1624 1059 1683 santiun

147 1705 274 1782 sapient‘d
289 1717 383 1780 valuit,
403 1725 434 1762 ut
449 1710 583 1778 plerosque
593 1707 706 1774 populos
723 1703 814 1755 eodem
828 1704 869 1753 die
884 1702 984 1766 hostes,
1000 1700 1072 1761 dein

148 1790 219 1838 cives
237 1789 363 1840 babuerit.
380 1786 491 1837 Adversas
506 1787 533 1833 iu
549 1798 597 1833 noa
610 1791 786 1845 regnaverunt.
799 1777 991 1827 Libertinorum
1001 1776 1060 1824 filiis

149 1863 313 1929 magistratus
330 1854 460 1921 mandari,
478 1874 547 1920 non,
563 1867 591 1904 ut
607 1853 722 1920 plerique
740 1850 877 1908 lalluntur,
893 1867 982 1916 repens
991 1886 999 1908 ,
1015 1847 1061 1897 sed

153 1937 233 2002 priori
242 1937 335 2007 populo
346 1935 487 1985 factitatum
495 1941 543 1981 est.
554 1928 589 1979 Aa
596 1943 655 1975 eum
665 1925 806 1974 Senonibus
814 1924 985 1988 pugnavimus
995 1940 1001 1969 :
1013 1922 1058 1971 sci·

154 2007 216 2057 licet
227 2010 314 2059 Volsci
324 2021 348 2058 et
359 2008 435 2073 AEqui
446 2006 576 2069 nunquam
586 2000 718 2049 adversam
730 1998 805 2045 nobis
813 1997 893 2044 aciem
902 1996 1041 2045 instruxere
1052 1996 1058 2043 l

154 2082 232 2148 Capti
242 2081 256 2131 i
267 2083 345 2133 Gallis
356 2086 443 2135 suiuus
454 2099 460 2128 :
474 2077 519 2128 sed
530 2089 555 2125 et
565 2074 657 2124 Tuscis
667 2071 769 2122 obsides
777 2069 896 2119 dedimus
906 2080 951 2137 ,et
961 2069 1061 2119 Saroni·

155 2161 222 2207 tium
236 2157 321 2224 jugum
332 2158 482 2207 subivimus.
498 2151 619 2203 Attamen
631 2148 653 2197 si
664 2158 754 2196 errncta
768 2144 834 2194 bella
845 2143 1062 2203 recenseas,;uul-

122 2236 126 2241 ’
154 2232 210 2282 lum
220 2232 336 2282 breviore
344 2231 436 2299 spatio,
448 2225 524 2294 quam
534 2216 656 2283 adsersus
666 2221 767 2279 Gallos,
776 2215 934 2269 coniectum:
943 2218 1062 2269 conuuua

155 2306 214 2356 inde
223 2325 252 2356 ac
260 2307 375 2375 fidapsx.
385 2307 441 2359 lam
449 2299 681 2359 moribus,artibus
690 2332 696 2354 ,
705 2292 868 2345 affinitatibus
874 2290 972 2342 uostris
979 2289 1063 2355 mixti,

152 2394 280 2435 autumet
291 2399 352 2451 opes
364 2377 538 2431 suasiuierant
546 2366 647 2442 potiias,
660 2369 735 2435 quim
748 2367 857 2434 separati
868 2364 986 2415 habeant.
995 2365 1063 2427 Om-

155 2456 212 2514 nia,
227 2467 315 2522 patres
330 2454 482 2523 conscripti,
494 2467 549 2516 quae
563 2464 632 2498 nunc
643 2445 813 2496 vetustissima
822 2437 978 2496 ereduntur,
996 2453 1064 2486 nora

156 2525 242 2592 tuere,
257 2530 342 2595 plebei
361 2529 523 2592 magistratus
536 2535 594 2590 poet
607 2520 742 2588 patricios:
759 2514 844 2565 Latini
858 2523 916 2574 post
931 2506 1063 2574 plebeios:

81 2631 85 2635 ·
159 2615 300 2652 ceterarum
308 2601 386 2657 ltalia
395 2602 511 2668 gentium
519 2607 578 2664 post
588 2594 703 2642 Latinos.
711 2588 884 2637 inveterascet
891 2581 939 2633 laoc
949 2596 1064 2646 quoquea

161 2681 268 2739 et'qnnd
279 2676 354 2727 bodie
364 2675 484 2743 exemplis
495 2685 606 2731 tuemur,
617 2668 683 2714 inter
692 2661 808 2726 e'xemplt
819 2658 867 2707 crit
874 2673 898 2704 v·

196 2749 281 2798 XXV.
295 2727 1068 2818 Orationemprineipissecutopatrumconsulto,primiAEdui

81 2820 86 2826 ’
161 2832 306 2874 senatorum
315 2824 340 2873 in
352 2827 415 2875 urba
426 2825 467 2890 jus
479 2819 563 2886 adepti
577 2825 635 2864 sunt
645 2832 652 2860 ι
664 2810 753 2873 datum
767 2807 793 2856 id
810 2803 898 2859 foederi
910 2803 1029 2866 antiquo,
1041 2814 1079 2865 et

162 2898 222 2960 quia
231 2886 277 2945 seli
287 2898 421 2952 Gallorum
428 2891 593 2949 {saturitatis
602 2903 695 2941 nomeu
703 2900 761 2935 cum
770 2880 866 2948 populo
873 2880 988 2926 Romano
995 2892 1069 2927 usur-

109 2994 111 2999 ·
158 2981 232 3034 pant.
245 2970 339 3021 lisdem
351 2972 442 3022 diebus
452 2972 479 3019 iu
489 2981 624 3017 numerum
635 2960 801 3030 patriciorum
812 2952 918 3003 adscivit
931 2952 1009 3000 Casas
1020 2964 1067 3000 ve-

158 3044 329 3095 tustissimum
344 3058 473 3112 quemque
483 3042 505 3107 Ιὂ
519 3051 610 3099 senatu
620 3073 627 3096 ,
637 3048 681 3086 aut
698 3033 791 3099 quibus
803 3028 865 3085 clati
881 3037 997 3092 parentat
1011 3021 1071 3070 fut·

160 3130 218 3173 rint
229 3135 235 3167 τ
247 3121 338 3185 paucis
347 3121 400 3185 jam
411 3117 515 3184 reliquis
523 3114 693 3169 iamilhrum,
704 3101 771 3174 quas*
783 3102 905 3155 Rornulus
917 3098 1051 3169 majorum
1059 3130 1070 3154 ‚

161 3202 188 3241 et
199 3194 228 3241 L.
241 3194 336 3244 Brutus
349 3182 484 3246 minorum
492 3191 613 3263 gentium
626 3183 813 3250 appellaverant
823 3194 831 3243 3
841 3173 968 3224 subarratis
979 3171 1071 3248 etiam,

118 3272 122 3285 ’
159 3282 224 3335 quat
233 3270 343 3321 dictator
356 3272 438 3323 Casas
445 3268 501 3333 lege
514 3261 610 3318 Cassii,
620 3259 769 3324 etprineeps
781 3253 909 3314 Augustus
922 3238 1069 3305 legatam

82 3348 88 3359 “
162 3345 304 3414 sublegere.
323 3347 442 3410 Laetaque
457 3341 510 3429 itaq
526 3341 553 3395 tn
569 3331 755 3402 rempublicam
767 3324 875 3444 axsinia(3
887 3317 968 3438 spulso
980 3309 1072 3378 gaudio
