2234 3817
119 196 170 253 436
434 211 458 248 c.
478 200 713 249 coursstcrrr

119 313 150 344 ac
158 295 293 361 Liugonas.
303 293 355 341 Nec
363 292 443 341 tulere
451 309 535 341 motus
545 291 704 341 consultandi
715 291 843 340 :certatim
854 278 1029 358 proclamauit,

121 388 137 419 u
145 370 226 418 furere
236 367 368 415 discordiis
378 368 501 431 populum
514 368 672 428 Romanum,
684 381 758 414 cassas
767 367 892 431 legiones,
904 379 1029 417 vastatam

121 445 237 502 Italiam,
250 440 305 505 capi
317 455 396 502 quum
409 439 519 487 maxime
531 441 635 495 urbem,
648 455 737 487 omues
746 442 871 488 exercitus
880 443 1033 521 suisquem·
1082 464 1083 469 ¹

120 537 168 585 que
178 521 251 584 bellis
259 518 365 566 detineri
376 535 382 564 ε
393 518 414 565 si
425 517 502 582 Alpes
511 517 633 583 presidiis
643 518 781 576 firmentur,
793 518 886 579 coalitis
894 518 1029 575 libertate,

73 606 77 613 ’
120 593 275 659 dispecturas
287 590 395 647 Gallius,
408 606 484 652 quem
497 591 589 643 virium
604 605 704 639 suasum
716 593 853 640 terminum
863 591 944 639 velint
953 608 979 639 u.

151 664 220 712 LVl.
241 663 299 711 Haec
318 661 497 726 dictspariter
518 662 698 726 probataque:
715 661 747 711 de
764 663 878 726 reliquiis
896 660 1030 708 Vitelliani

118 736 243 797 exercitiis
252 734 412 784 dubitavere.
420 733 538 797 Plerique
548 734 776 785 (tinteriiciendosu
789 736 935 789 censebant,
946 743 1027 781 ‹rtur-

117 811 206 869 bidos,
221 809 324 866 infidos,
338 809 459 872 sunguine
469 806 562 857 ducum
571 808 685 873 pollutos
692 824 716 856 u.
728 809 799 857 Vicit
808 811 874 857 ratio
884 806 1003 874 parcendi
1016 823 1024 854 ι

118 902 134 934 tt
145 900 194 943 ne,
208 882 307 951 sublati
323 897 369 948 spe
386 882 482 938 vente,
498 882 665 946 pertinaciam
679 882 853 932 accenderent.
871 879 1030 931 Alliciendos

117 957 205 1025 potiirs
219 958 245 1017 in
259 956 420 1006 societatem:
432 954 524 1018 legetis
535 953 635 1003 tantiam
648 956 776 1021 legionum
790 954 944 1010 interiectis,
955 967 1029 1003 cete·

117 1046 177 1079 rum
189 1028 291 1090 uulgus,
303 1026 458 1075 conscientiis
471 1026 610 1090 scelerum,
622 1039 647 1075 et
659 1044 704 1094 spe
715 1030 890 1094 impunitatis,
901 1027 973 1075 facille
985 1043 1031 1075 sc·

115 1116 278 1150 cessurum».
290 1101 325 1147 Ea
336 1099 413 1166 primi
422 1099 523 1148 consilii
534 1097 616 1150 forma
626 1119 633 1149 t
644 1103 763 1166 missique
773 1119 818 1168 per
830 1101 1029 1153 Galliasconci·

116 1185 187 1225 tores
197 1173 268 1222 belli.
282 1173 436 1220 Simulstum
448 1172 509 1237 ipsis
520 1171 687 1237 obsequium,
701 1174 752 1239 quis
764 1176 929 1223 incautiorem
940 1173 1029 1220 Vocu-

118 1249 171 1296 lam
183 1238 366 1315 opprimerent.
378 1246 431 1294 Nec
443 1243 558 1305 deluere,
571 1249 616 1309 qui
628 1248 731 1297 Voculae
740 1249 892 1297 nuntiarent.
904 1245 953 1294 ted
962 1247 1031 1293 vires

118 1320 150 1371 ad
155 1318 323 1370 coercendum
331 1318 444 1376 deerant,
452 1317 652 1382 infrequentibus
660 1322 792 1386 infidisque
798 1321 947 1385 legionibus.
957 1320 1028 1368 Inter

118 1396 250 1459 ambiguos
257 1392 615 1455 milites,etoccult0shostes,
624 1398 749 1460 optimum
759 1396 1026 1461 &praesentibusratnu

118 1469 207 1532 mutui
219 1466 434 1528 dissimulatione,
445 1478 471 1514 et
479 1464 583 1524 iisdem,
593 1469 685 1531 quibus
694 1469 840 1534 petebatur,
851 1467 947 1516 artibus
956 1458 1029 1529 gras·

117 1542 179 1606 seri3
188 1542 213 1589 in
220 1539 347 1588 coloniam
354 1537 565 1605 Agrippinensem
573 1540 713 1592 descendit.
723 1541 789 1590 Illuc
796 1540 917 1590 Claudius
924 1538 1026 1595 Labeo,

118 1631 193 1678 quem
200 1622 317 1678 septum,
327 1622 427 1663 etextra
435 1614 793 1663 conventumsmandatumin
801 1614 893 1663 Frisios
901 1612 1026 1673 diximus,

119 1688 246 1752 corrupu‘t
254 1682 399 1743 custodibus
408 1681 516 1745 perfugit
525 1697 530 1724 :
538 1684 733 1746 pollicitusque,
746 1703 760 1731 et
769 1687 790 1733 si
798 1685 946 1749 praesidium
956 1684 1028 1733 dare-

118 1776 175 1821 tur,
194 1764 289 1808 iturum
300 1759 326 1805 in
337 1755 457 1813 Batavos,
470 1761 496 1799 et
504 1752 629 1816 potiorem
640 1753 750 1801 civitatis
763 1768 860 1818 partem
871 1756 906 1802 ad
917 1759 1034 1806 societa-

119 1850 172 1887 tem
183 1826 322 1884 Romanbm
335 1839 524 1879 retracturum»
540 1842 547 1871 ι
561 1825 663 1892 accepti
671 1826 786 1892 peditum
794 1829 958 1892 equitumque
971 1847 1037 1882 mo-
1082 1876 1083 1883 ,

120 1911 175 1960 dies
185 1925 274 1967 suano,
286 1905 351 1954 nihil
361 1902 428 1969 apud
433 1903 547 1951 llatavor
558 1917 647 1958 ausus,
658 1899 780 1964 quosdam
787 1902 941 1952 Neriiorurrt
952 1905 1032 1956 Beta-

119 1978 266 2046 sioruritque
276 1982 302 2028 in
311 1995 380 2028 asma
393 1977 477 2026 traxit.
490 1977 523 2024 Et
532 1973 621 2037 furtim
632 1975 724 2040 magis,
736 1974 811 2038 qulam
821 1975 906 2034 bello,
922 1980 1028 2028 Canine-

52 2042 57 2055 ⁸
118 2046 186 2105 letes·
193 2044 368 2116 Marsacosque
382 2050 534 2100 incursabat·
547 2047 807 2110 Vocula,Gsttomm
816 2045 1030 2116 fraude-illectus,

119 2128 152 2178 sd
162 2128 259 2176 bostem
268 2123 409 2174 contendit.

151 2201 234 2252 LVII.
246 2200 299 2248 Neo
310 2198 399 2263 procul
411 2197 547 2246 Veteribus
559 2198 664 2256 aberat,
677 2212 755 2260 quum
769 2195 934 2251 Classicusac
947 2196 1028 2244 Tutor

118 2291 166 2342 per
185 2272 294 2337 speciem
313 2269 463 2334 explorandi
479 2256 624 2334 progressi:
643 2286 701 2317 cum
720 2269 828 2318 ducibus
842 2270 1028 2317 Germanorum

106 2347 192 2414 'putta
204 2340 343 2405 firmavere.
359 2339 477 2403 Tumque
491 2341 606 2410 primirm
618 2342 720 2390 discreti
730 2342 744 2389 it
755 2343 908 2406 legionibus,
922 2342 1029 2407 'proprio

119 2417 186 2465 vallo
195 2423 277 2462 csettu
287 2427 332 2460 sua
342 2411 502 2477 circumdant
507 2449 517 2471 ,
529 2415 673 2462 obtestante
684 2415 796 2470 Vocull,
809 2434 824 2464 u
834 2415 893 2464 Non
903 2415 964 2464 adeo
974 2425 1031 2462 tur·

118 2492 204 2539 butam
213 2483 331 2534 civilibus
345 2485 421 2532 ermis
434 2497 488 2530 rem
505 2481 660 2540 Romanam,
674 2496 703 2532 ut
714 2486 834 2536 Treveris
847 2491 924 2536 etism
935 2486 1031 2551 [lugd-

119 2565 244 2626 nibnrque
252 2555 381 2623 despectui
389 2555 429 2604 sit.
444 2555 580 2621 Superesse
588 2555 653 2604 lidae
666 2553 829 2624 provincius,
839 2561 944 2615 victores
955 2573 1032 2606 exer·

123 2641 205 2694 citus,
217 2635 347 2685 lortuuem
357 2630 472 2697 imperii,
484 2642 511 2683 et
522 2630 619 2681 ultores
637 2631 707 2681 deos.
720 2633 761 2681 Sic
775 2635 838 2682 olim
849 2628 1029 2693 ,Sacrouirum

123 2724 150 2761 et
156 2709 263 2767 AEduos,
272 2723 362 2774 nuper,
371 2705 507 2757 Vindicem
516 2692 662 2772 Gellias'que
669 2708 772 2772 singulis
780 2708 872 2773 preliis
880 2698 1029 2763 concidisse.

121 2785 218 2836 Eadem
232 2798 318 2831 rursus
330 2780 448 2839 numina,
461 2777 549 2827 eadem
559 2768 624 2836 lata,
638 2791 756 2847 ruptores
767 2780 886 2847 foederum
898 2789 1031 2842 exspecta·

122 2870 190 2906 rent.
203 2852 295 2903 Melius
309 2851 370 2904 divo
387 2850 470 2906 lulio]
483 2849 594 2915 diroque
608 2853 723 2917 Augusto
735 2864 810 2901 notos
823 2866 907 2900 eorum
918 2854 1029 2899 animos.

36 2976 38 2979 ,
123 2930 241 2985 Galbam,
252 2939 278 2975 et
286 2926 390 2975 infracta
400 2925 504 2986 tributa,
516 2924 623 2975 hostiles
634 2926 739 2992 spiritus
748 2925 866 2974 induisse.
877 2921 956 2970 Nune
966 2922 1031 2972 bos·
1082 2948 1083 2953 =

66 3055 78 3073 ι
121 3012 169 3059 tes,
181 3000 240 3062 quie
250 2996 328 3047 molle
338 2999 469 3047 servitium
478 3014 484 3046 t
493 3004 571 3063 quum
580 3000 680 3064 spoliati
688 3000 816 3061 exsutique
824 2995 926 3054 luerint,
935 2998 1031 3046 amicos

121 3074 175 3123 sore
184 3089 209 3119 n.
219 3069 278 3118 fleo
289 3070 406 3119 ferociter
414 3071 528 3132 locutus,
541 3084 677 3136 postquam
688 3082 797 3137 perstare
806 3069 831 3116 iu
840 3067 949 3135 perfidii
959 3070 1031 3117 Clas·

124 3148 204 3195 sicum
212 3141 386 3206 Tutoremque
397 3141 476 3200 videt,
488 3148 560 3190 verso
570 3144 669 3203 itinere,
678 3142 814 3192 Noresinm
824 3141 952 3190 concedit.
961 3140 1030 3189 Galli

123 3216 201 3264 durius
214 3214 323 3269 millium
341 3215 422 3279 spatio
441 3214 593 3263 distantibus
609 3217 705 3281 campis
717 3213 861 3263 consedere.
876 3215 942 3262 lllue
957 3229 1029 3262 eora-

121 3286 261 3335 meautium
277 3288 454 3335 centurionum
464 3287 625 3350 militumque
637 3290 790 3336 emebantur
798 3286 893 3349 animi,
906 3298 934 3335 ut
946 3284 1033 3350 (flagi-

121 3362 187 3410 tium
199 3358 370 3421 incognitum)
380 3359 510 3409 Romanus
521 3362 648 3425 erescitus
659 3363 685 3410 in
698 3373 799 3410 esterna
809 3360 887 3408 rerba
895 3360 1031 3423 lumem,

121 3429 263 3503 pignusque
274 3431 338 3479 tanti
346 3429 446 3489 sceleris
458 3445 518 3482 nece
530 3433 693 3489 sustinentis
703 3433 844 3498 legatorum
854 3431 964 3487 teretur.
974 3429 1031 3487 vs.
