2234 3817
333 129 566 205 rtrsronrtrirrs
589 165 653 200 arn.
672 166 728 206 111.
929 161 977 235 591

66 247 104 286 att
118 234 332 286 incalescerent».
347 239 450 288 Vernile
461 241 557 291 dictum
568 261 668 295 ornnem
679 249 801 301 invidiam
810 255 834 303 in
847 272 905 306 eum
920 277 978 311 rer-

63 313 121 371 tit,
135 322 256 374 tanquam
270 311 391 376 trignum
399 315 562 367 incendendae
574 320 703 371 Cremona
713 324 844 379 dedissetis
847 368 855 392 ,
865 349 918 396 qnae
929 334 991 398 jam‘

23 407 26 413 ·
64 385 208 450 flagrabat.
722 402 725 413 '
908 446 930 481 f

95 456 228 506 XXXIlI.
255 457 427 523 Quadraginta
445 475 598 512 armatorum
618 466 696 515 millia
714 470 841 538 irrupere,
859 475 1005 530 calunnius
1052 514 1055 519 ·

61 529 233 594 lixarumque
247 533 355 596 amplior
367 550 502 592 numerus,
522 550 547 586 et
562 541 588 586 in
602 541 735 593 libidinem
745 563 773 593 ac
784 550 905 600 saevitiam
919 569 979 602 cor-

65 606 186 668 ruptior.
203 605 263 654 Non
279 605 400 669 dignitas,
419 625 470 656 non
490 623 547 660 aetas
565 618 726 680 protegebat,
742 622 876 683 quominus
892 637 978 691 stupra

66 675 198 739 caedibus,
221 677 299 726 caedes
313 682 407 746 stupris
427 683 600 734 miscerentur.
620 687 772 741 Grandaevos
785 711 868 759 senes,
889 700 978 748 exacti

66 758 146 800 aetate
168 750 284 811 seminas,
302 753 365 800 viles
384 754 416 801 ad
436 756 565 819 predam,
580 760 605 808 in
616 761 757 812 ludibrium
774 768 914 820 trahebant.
927 773 978 822 Ubi

65 825 159 874 adulta
172 828 259 890 virgo,
274 838 316 874 aut
327 829 382 889 quis
390 828 474 878 forms
487 835 638 898 conspicuus
649 838 790 900 incidisset,
808 844 834 889 vi
847 845 977 895 menibus-

67 913 122 960 qne
140 898 439 967 rapientiumudirulsus,
453 903 519 966 ipsos
530 906 659 969 postremis
676 907 816 975 direptores
825 914 850 961 in
862 927 977 965 mutuam

67 971 216 1035 perniciem
236 972 341 1035 agebat:
357 973 417 1021 dum
430 979 577 1040 pecuniam,
597 981 637 1027 vel
651 984 736 1044 gravia
748 1002 809 1033 auro
825 989 978 1052 templorum

67 1042 156 1105 dona,
173 1044 222 1092 sibi
242 1043 347 1109 quisque
366 1047 483 1113 trahunt,
501 1050 597 1115 majore
616 1055 722 1103 atterum
744 1059 769 1106 ri
787 1062 977 1112 truncabantur.

68 1117 184 1182 Quidam
198 1117 273 1165 obvia
287 1118 446 1183 adspersam,
460 1123 605 1180 verberibus
620 1130 800 1194 tormentisque
815 1131 976 1186 dominorum

67 1188 157 1239 abdita
173 1191 294 1254 scrutari,
315 1190 413 1241 defossa
432 1199 620 1247 erueremus
642 1202 668 1249 in
685 1205 801 1253 manibus
816 1224 822 1254 ε
836 1223 911 1270 quas,
932 1210 977 1258 ubi

68 1263 180 1329 praedasn
193 1277 350 1327 egesserant,
369 1267 394 1312 in
406 1284 495 1318 vacuae
507 1262 610 1337 domos,
622 1287 646 1323 et
658 1275 741 1324 inania
753 1280 858 1344 templa,
870 1299 913 1345 per
922 1283 976 1330 las-

70 1336 166 1384 civiam
175 1336 363 1401 jaculabantur:
376 1350 453 1402 utque
466 1346 592 1406 exercitu,
604 1350 673 1395 vario
683 1350 790 1413 linguis,
802 1354 924 1412 moribus,
935 1355 977 1402 cui

70 1410 156 1466 cives,
175 1412 254 1476 socii,
274 1415 373 1460 externi
390 1414 555 1483 interessent,
575 1420 679 1470 diversae
697 1424 843 1495 cupidines,
864 1439 889 1474 et
907 1427 977 1475 aliud

70 1482 165 1544 cuique
181 1481 231 1542 las,
246 1499 292 1531 uec
308 1484 445 1548 quidquam
464 1489 596 1542 illicitum.
615 1493 663 1542 Per
677 1497 839 1559 quatriduum
851 1501 976 1550 Cremona

68 1553 181 1604 suffecit.
193 1558 278 1621 Quum
288 1559 372 1605 omnia
391 1576 458 1608 sacra
469 1564 623 1630 prolanaque
634 1568 659 1615 in
672 1569 729 1633 igne
745 1572 914 1636 considerent,
929 1592 976 1622 soa

67 1627 125 1676 lum
139 1626 259 1694 Mephitis
274 1632 397 1703 templum
407 1638 478 1684 stetit
487 1649 545 1685 ante
557 1642 665 1704 moenia,
675 1642 745 1703 loco,
757 1660 801 1693 seu
813 1648 915 1695 numine
926 1648 974 1695 de-
1031 1638 1033 1642 .

69 1698 183 1750 sensum.
215 1734 217 1741 ,

100 1774 287 1845 XXXIV5Hic
296 1779 379 1828 exitus
395 1780 538 1843 Cremonae,
554 1800 621 1832 anno
634 1785 806 1840 ducentesimo
818 1796 973 1859 octogesimo

69 1860 141 1895 sexto
148 1848 162 1896 ia
170 1850 311 1913 primordio
319 1851 483 1901 sui.Condita
491 1868 551 1912 erat,
560 1857 619 1903 Tib.
628 1859 778 1924 Sempronio
785 1875 810 1911 et
817 1866 846 1912 P.
853 1868 975 1925 Cornelio¹

70 1923 233 1977 consulibus.
243 1928 376 1991 ingruente
389 1927 418 1974 in
434 1920 532 1976 Italiam
545 1925 686 1990 Annibale,
698 1940 914 2000 propugnaculum
928 1939 974 1988 ad·

69 2007 161 2040 versus
175 1995 274 2055 Gallos,
291 2009 360 2046 uana
372 1998 468 2048 Padum
483 2011 596 2066 agentes,
604 2004 631 2047 et'
641 2003 662 2048 si
676 2020 725 2065 qua
734 2007 782 2052 alia
795 2008 833 2055 vis
841 2024 886 2074 per
895 2010 974 2076 Alpes

69 2077 164 2115 rueret.
178 2065 257 2132 lgitur
265 2086 372 2119 numero
382 2071 540 2132 colonorum,
548 2070 738 2137 opportunitate
747 2077 889 2144 fluminum,
896 2081 974 2139 ubere

69 2140 135 2202 agri,
155 2158 256 2191 annexu
272 2145 457 2209 connubiisque
476 2148 606 2210 gentium,
618 2147 727 2196 adolevit
738 2150 889 2216 floruitque,
899 2155 973 2202 bellis

69 2210 179 2261 externis
190 2216 284 2265 intacta
291 2253 299 2279 ,
312 2218 430 2269 civilibus
443 2219 542 2269 infelix.
555 2222 681 2269 Antonius
696 2222 793 2287 pudore
802 2224 906 2290 flagitii,
918 2243 974 2275 cre-

5 2305 6 2308 =
62 2281 202 2335 brescente
214 2289 322 2351 invidia,
336 2291 431 2352 edixit,
443 2310 495 2341 une
509 2295 565 2358 quis
582 2295 763 2345 Cremonenses
777 2301 892 2364 captivos
904 2299 973 2348 deti-
1029 2342 1031 2347 .

68 2369 141 2407 neret
150 2376 164 2406 >a
176 2378 182 2409 :
197 2362 345 2428 irritamque
356 2365 466 2430 praedam
478 2365 733 2418 militibus'effecerat
742 2372 972 2439 consensusltaliae,

68 2433 224 2496 emptionem
244 2439 334 2486 talium
351 2443 534 2506 mancipiorum
547 2441 731 2508 adspernantis.
751 2446 840 2495 Occidi
856 2450 973 2517 coeperet

69 2505 138 2569 quod
151 2508 196 2555 ubi
212 2513 329 2569 enotuit,
345 2498 360 2558 h
372 2515 519 2579 propinquis
537 2517 700 2582 affinibusque
715 2519 813 2567 occulte
824 2521 972 2586 redempta-

67 2576 161 2625 bautur
174 2598 180 2626 :
195 2595 256 2628 mor
268 2583 344 2631 rediit
356 2586 505 2636 Cremonam
517 2591 629 2652 reliquus
641 2593 751 2656 populus
763 2609 769 2638 ε
783 2593 893 2656 reposita
902 2593 971 2656 fora,

60 2652 216 2715 'templaque
223 2688 230 2712 ,
241 2659 410 2709 munificentii
420 2664 590 2726 municipum:
603 2675 628 2709 et
637 2662 805 2726 vespasianus
813 2663 970 2715 hortabatur.
993 2662 995 2667 ¹

100 2724 215 2773 XXXV.
239 2729 356 2781 ceterum
374 2734 489 2784 adsidere
501 2736 606 2804 sepulte
622 2737 691 2782 urbis
707 2737 800 2797 ruinis,
819 2738 894 2784 noxia
911 2738 971 2786 tabo

66 2791 163 2845 humus
172 2796 240 2847 haud
252 2800 295 2850 diu
307 2808 439 2869 permisit:
458 2806 491 2854 ad
502 2809 605 2854 tertium
613 2807 724 2872 lapidem
739 2811 877 2872 progressi,
894 2823 970 2872 vagos

65 2881 239 2936 paventesque
258 2875 423 2941 Vitellianos,
440 2896 483 2929 sua
499 2896 627 2943 quemque
639 2881 706 2944 apud
721 2880 790 2944 signa
804 2893 970 2947 componunt.

65 2940 99 2989 Et
111 2944 181 2991 victae
192 2947 320 3011 legiones,
338 2971 370 3000 ne
383 2966 501 3002 manente
518 2954 602 3003 adhuc
613 2956 684 3003 civili
698 2956 767 3004 bello
781 2956 897 3020 ambiguis
908 2975 971 3021 ageq

64 3030 137 3077 rent,
148 3035 193 3082 per
204 3019 337 3088 Illyricum
350 3028 477 3092 dispersae.
488 3031 517 3076 In
529 3030 685 3078 britanniam
698 3029 772 3088 inde,
785 3041 810 3076 ct
824 3031 969 3094 Hispanias,

64 3094 167 3159 nuntios
178 3092 341 3165 famamque,
354 3103 380 3149 iu
392 3104 504 3151 Galliam
519 3105 533 3152 J
535 3107 615 3152 ullum
632 3106 771 3166 Calenum,
785 3104 926 3163 tribunum,
943 3106 971 3154 iti

62 3166 225 3216 Germaniam
238 3169 364 3237 Alpinum
378 3176 540 3240 Montanum,
552 3178 695 3244 prefectum
704 3178 833 3238 cohortis,
848 3176 917 3240 qubd
928 3176 972 3226 hic

63 3237 152 3286 Trerir
159 3274 167 3298 ,
178 3241 289 3294 Calenus
296 3247 408 3307 AEduus,
421 3263 527 3316 uterque
535 3251 788 3312 Vitellianiluerant,
799 3249 910 3297 ostentui
918 3250 969 3294 mi-

64 3308 126 3357 sere.
140 3311 223 3359 Simul
237 3319 358 3369 transitus
369 3320 471 3386 Alpium
484 3323 606 3388 presidiis
619 3325 753 3389 occupati,
770 3320 885 3386 suspecti
899 3319 969 3377 Ger·⁴

61 3384 144 3436 manli
151 3421 160 3449 ,
181 3397 302 3457 tanquam
312 3395 340 3445 in
352 3397 475 3449 auxilium
487 3399 587 3454 Vitellii
598 3400 779 3467 accingeretur.
803 3467 820 3517 4
