2234 3817
131 125 182 198 296
399 189 404 198 ‚
452 146 479 184 e.
501 145 595 185 conr.
621 143 737 185 ractrr
772 127 775 134 '

137 227 372 291 angustinulnostri
383 228 460 276 maris
471 228 565 276 insulas
577 240 688 295 superat.
698 228 787 276 Solum
794 226 952 292 coelumque,
963 235 991 276 et
1003 223 1051 275 in·¹

138 302 211 363 genia
221 302 353 366 cultusque
371 299 504 349 hominnm
521 299 592 351 haud
607 303 718 350 multum
732 299 746 349 it
760 301 890 349 Britannia
904 298 1048 348 differunt:

71 409 80 416 ι
137 371 229 425 melitis
240 373 324 422 aditus
335 386 475 439 portusque
488 389 534 438 per
551 376 704 423 commercia
716 384 742 422 et
756 373 926 438 negotiatores
939 372 1047 438 cogniti.

138 447 256 510 Agricola
266 448 398 512 expulsum
411 447 535 495 seditione
554 445 694 496 domestici
712 464 790 495 nuum
802 463 834 495 ex
850 447 943 511 regulis
962 447 1049 512 gentis

110 539 116 564 ι
137 532 283 584 exceperat,
292 537 321 568 ac
332 522 414 586 specie
423 521 539 569 amicitior
549 522 575 568 in
585 522 742 570 occasionem
752 521 885 568 retinebat.
895 520 964 586 saept
973 538 1005 569 ex
1015 536 1049 567 eo

140 592 238 651 audiri,
250 593 348 658 legione
358 596 409 643 una
420 604 446 642 et
457 593 565 641 modicis
575 593 674 642 auxiliis
690 593 810 641 debellari
824 593 984 657 obtinerique
994 594 1051 642 Hi-

139 666 256 716 berniam
267 656 340 731 poste
350 686 357 718 z
369 668 445 732 idque
456 670 532 716 etiarn
544 666 666 716 adversds
674 667 830 716 Britanniam
839 666 1002 732 profuturum
1010 705 1018 728 ,
1027 670 1051 718 si

137 740 254 788 Romana
263 741 355 804 ubique
368 759 437 790 arma
447 778 454 800 ,
467 752 492 789 et
500 740 594 791 veluti
605 752 740 806 conspectu
750 741 857 789 libertas
866 742 1008 791 tolleretur.

176 812 267 863 XXV.
280 816 399 865 Ceterum
408 828 506 872 astate,
519 813 570 879 quai
583 826 683 864 sextum
694 814 771 862 oflicii
786 830 880 861 annum
894 812 1052 874 inchoabat,

141 889 237 952 amplas
245 890 369 949 civitatee,
379 903 448 941 trans
457 889 603 940 Bodotriam
614 890 688 948 sitas,
701 890 760 953 quia
774 900 860 948 motus
872 891 1046 939 unirersarum

141 960 208 1010 nltri
218 965 347 1027 gentium,
356 976 383 1012 et
393 965 483 1012 inlesta
494 964 581 1011 hostili
592 965 705 1012 exercitu
716 966 808 1011 itinera
818 964 981 1023 timebantur,
990 977 1050 1030 por·

143 1046 184 1083 tus
196 1035 273 1084 classe
283 1039 440 1107 exploravit:
450 1055 503 1102 quae
514 1038 546 1086 ab
556 1037 676 1102 Agricoll
686 1035 800 1103 primaim
812 1050 939 1104 assumpta
951 1040 975 1086 in
985 1056 1050 1104 par-

116 1133 119 1134 ⁷
143 1119 195 1156 tem
206 1111 313 1170 virium,
321 1111 471 1174 sequebatur
480 1110 579 1177 egregii
590 1111 672 1175 specie
682 1148 688 1167 ,
697 1128 777 1174 quum
787 1111 865 1160 simul
877 1111 941 1159 terrd
951 1148 959 1169 ,
969 1112 1050 1161 simul

144 1182 207 1231 mari
214 1183 311 1231 bellurn
321 1184 508 1250 impelleretur,
517 1200 546 1232 ac
555 1183 618 1249 sapi
630 1184 720 1232 iisdem
734 1186 822 1233 castris
836 1184 912 1249 pedet
922 1201 1051 1250 equesque

143 1267 171 1304 et
180 1257 293 1305 nanticus
302 1258 388 1321 miles,
400 1258 476 1307 mixti
485 1259 567 1324 copiis
576 1269 602 1305 et
611 1256 710 1320 laetitia,
723 1275 768 1306 sua
779 1259 884 1322 quisque
894 1256 956 1308 lacta
964 1294 972 1318 ,
986 1275 1047 1309 suot

125 1332 127 1342 ’
144 1345 217 1382 casus
231 1330 393 1379 attollerent:
411 1347 440 1379 ac
455 1330 534 1380 modo
552 1332 698 1381 «silvarum
709 1342 734 1379 et
748 1333 873 1380 montium
890 1331 1015 1396 profunda
1025 1351 1049 1395 n,

145 1402 223 1452 modo
234 1421 248 1449 ιι
254 1414 432 1464 tempestatum
439 1421 467 1452 ac
473 1406 599 1453 fluctuum
607 1405 709 1454 adversa
715 1423 739 1463 ι),
749 1404 807 1452 hinc
817 1404 1051 1467 «terrastlrostisn,

146 1475 206 1524 biuc
214 1489 321 1534 (canctus
326 1477 461 1527 Oceanus»
471 1481 574 1529 militari
581 1479 699 1546 jactantii
704 1490 917 1542 compararentur.
929 1480 1052 1530 «Britan-

145 1566 214 1598 nos»
224 1566 338 1615 quoqne,
351 1562 422 1600 utex
436 1553 543 1619 captivis
553 1552 704 1600 audiebatur
720 1552 792 1598 crisa
801 1550 888 1600 classis
901 1553 1052 1619 obstupefa-

145 1623 242 1679 oiebat,
252 1635 385 1688 tanquam,
395 1638 484 1691 aperto
495 1627 571 1674 maris
579 1626 618 1671 sui
628 1635 739 1680 secreto,
750 1625 868 1672 ultimum
881 1626 953 1674 victis
962 1643 1003 1690 pet
1010 1627 1054 1676 l'u·

146 1698 215 1760 gium
223 1696 415 1748 clauderetur».
425 1700 467 1749 Ad
477 1701 596 1747 manns‘et
604 1712 672 1744 arma
681 1697 796 1745 conversi
805 1696 967 1757 Caledoniam
975 1699 1053 1749 inco·

36 1801 46 1820 ι
107 1775 108 1778 ’
143 1771 225 1819 lentes
235 1771 338 1836 populi,
349 1785 438 1839 paratu
447 1789 550 1836 magno,
562 1769 656 1833 maiore
671 1768 751 1826 lama,
766 1768 803 1817 uti
814 1780 916 1817 mosest
930 1769 961 1818 de
975 1774 1058 1837 igno.

147 1848 193 1907 tit,
204 1848 381 1913 «oppugnrisse
391 1850 486 1909 ultros,
497 1845 599 1896 castella
609 1844 692 1895 adorti
701 1882 708 1910 ‚
716 1856 828 1904 metum,
838 1855 1054 1911 trtprorocantes,

148 1919 312 1970 addiderant:
324 1922 587 1989 «regrediendumque
598 1922 661 1971 citra
673 1919 833 1981 bodotriam,
842 1931 868 1967 et
877 1919 1053 1973 excedendum

146 1992 248 2058 potitis,
259 1997 335 2059 quim
353 1997 541 2063 pellerentur»,
553 1996 639 2062 specie
653 1993 820 2062 prudentium
832 1994 915 2059 ignari
929 1994 1053 2046 admoue-

142 2067 225 2116 ⁴baut:
241 2085 319 2133 quum
330 2070 432 2119 interim
449 2069 580 2135 cognoscit
591 2105 598 2129 ,
618 2066 725 2117 chortes
735 2066 851 2131 pluribus
861 2066 1002 2129 agminibus
1015 2071 1051 2117 ir·

147 2154 296 2207 rupturos».
307 2144 345 2194 Ac
357 2160 389 2193 ne
401 2141 535 2209 superante
548 2158 669 2205 numero,
682 2152 709 2189 et
720 2136 808 2204 peritii
817 2138 932 2187 locorum
944 2140 1054 2192 circum·

91 2249 97 2256 x
147 2215 237 2272 iretur,
253 2215 334 2264 diviso
345 2228 371 2265 et
382 2216 471 2281 ipsein
484 2227 534 2264 tres
544 2225 627 2280 partes
640 2212 750 2261 exercitu
760 2210 872 2258 incessit.

180 2288 279 2339 XXVI.
297 2288 372 2349 Quod
387 2288 431 2334 nbi
446 2286 580 2349 cognitum
594 2283 679 2338 bottI,
697 2293 796 2330 mutato
810 2285 915 2348 repente
932 2290 1052 2353 consilio,

149 2361 262 2412 universi
270 2355 363 2411 nonam
371 2360 512 2425 legionem,
522 2370 551 2406 ut
558 2355 667 2406 maxime
676 2355 833 2418 invalidam,
845 2371 920 2409 nocte
930 2362 1054 2429 adgressi,

134 2453 136 2456 ’
148 2436 214 2485 inter
226 2453 342 2495 somnum
353 2449 382 2481 ac
402 2430 596 2497 trepidationem
608 2430 679 2479 caesis
695 2430 832 2495 vigilibus,
850 2436 971 2502 irrupere.
982 2440 1054 2489 Jam.

148 2527 197 2576 que
209 2511 235 2559 in
247 2499 306 2573 ipsis
318 2506 406 2554 matris
423 2503 582 2569 pugnabant,
603 2520 685 2568 quum
697 2503 816 2570 Agricola
835 2507 883 2557 iter
897 2509 1005 2559 hostium
1021 2515 1053 2564 ab

150 2579 349 2650 exploratoribus
356 2576 462 2627 edoctus
472 2614 478 2635 ,
491 2589 517 2626 et
527 2576 642 2642 restig'ris
652 2578 790 2642 insecutus,
800 2582 970 2633 velocissimos
978 2590 1054 2649 equi-

147 2672 205 2709 tum
214 2656 380 2725 peditumque
389 2652 515 2702 adsultare
526 2651 604 2716 tergis
615 2654 784 2719 pugnantium
794 2652 879 2717 jubet,
891 2674 949 2706 mox
958 2657 989 2706 ab
998 2662 1055 2709 uni.

150 2732 310 2793 versisadiici
322 2730 460 2779 clamorem
471 2745 476 2777 :
487 2740 513 2776 et
521 2721 666 2792 propinqui
676 2727 732 2776 luce
744 2724 836 2779 luntre
848 2731 928 2793 signa:
943 2734 976 2780 ita
987 2736 1054 2804 anci·

150 2805 199 2870 piri
217 2797 285 2854 malo
298 2805 379 2853 territi
389 2803 523 2866 Britanui3
538 2812 565 2849 et
576 2802 700 2849 Romanis
717 2800 783 2850 redit
800 2804 910 2860 animus,
926 2819 955 2851 ac
972 2810 1055 2857 securi

151 2877 183 2924 de
194 2876 275 2925 salute
287 2893 334 2940 pro
342 2875 421 2939 gloril
433 2876 581 2942 certabant,
593 2873 663 2924 ultro
675 2874 814 2938 quinetiam
825 2874 936 2940 irrupdre
948 2893 954 2924 :
967 2890 991 2925 et
1003 2878 1056 2930 fuit

151 2956 226 2995 atrox
238 2948 264 2993 in
277 2947 338 3009 ipsis
352 2956 486 3009 portarum
500 2947 623 3011 angustiis
636 2946 765 3011 praelinm,
779 2946 857 2994 donec
869 2948 934 3011 pulsi
951 2948 1058 3013 bootes,

151 3030 261 3079 utroque
274 3016 386 3078 exercitu
400 3028 532 3081 certante,
548 3016 588 3065 lais
599 3029 627 3065 ut
641 3020 729 3066 tulisse
741 3035 830 3084 opem,
848 3019 897 3066 illis
910 3035 944 3068 ne
958 3026 1057 3088 eguisse

153 3091 247 3140 auxilio
257 3086 403 3137 riderentur
413 3105 419 3135 z
430 3088 500 3152 qnod
511 3091 559 3136 nisi
571 3089 676 3155 paludes
685 3092 785 3146 etsilrae
794 3090 918 3155 fugientes
929 3098 1057 3158 texissent,

153 3164 307 3212 debellatum
320 3162 364 3210 ills
379 3161 485 3209 victorii
497 3161 575 3209 foret.

185 3235 301 3285 xxvtl.
318 3235 395 3297 Cujus
404 3235 546 3284 constantii
556 3249 585 3281 ac
597 3234 664 3284 lami
674 3236 745 3285 ferox
756 3238 880 3289 exercitus
891 3259 897 3289 ε
910 3242 994 3291 «nihil
1007 3247 1061 3295 vir.

153 3310 204 3356 tuti
223 3323 272 3353 sna
290 3306 384 3353 invium
398 3324 404 3353 :
427 3305 608 3370 penetrandam
629 3310 804 3369 Caledoniam,
827 3313 1058 3379 inveniendumque

155 3379 404 3430 tandcmBritanniae
416 3378 552 3427 terminum
566 3382 687 3436 continuo
703 3384 847 3449 praeliorum
859 3404 953 3456 cursui»
966 3389 1060 3446 [reme-
