2234 3817
86 86 134 141 156
398 94 427 134 a.
445 95 541 135 eous.
556 78 686 137 rttcrrr¹

83 183 197 236 censoris
206 179 342 232 inibantur.
352 179 473 231 Famoso's
484 182 584 247 probris
594 197 706 246 quonam
717 179 795 231 modo
806 196 898 235 senatu
910 185 1023 254 depei2

83 259 243 311 leretaurius
250 296 257 320 ‚
264 259 353 307 mitem
362 255 480 306 etrecbns
488 268 614 324 repertam
622 296 629 320 ,
638 257 751 322 quimer
760 261 896 309 severitate
905 262 1013 327 prisca,

84 337 210 386 rationem
219 331 349 394 adhibuit5
360 331 502 389 monendo,
516 347 620 381 «secum
630 333 737 396 quisque
747 331 778 381 de
791 349 818 382 se
827 335 1005 394 consultaret,

85 417 231 476 peteretque
241 406 280 471 jus
292 405 416 454 exsuendi
426 405 541 454 ordinis:
557 405 657 454 facilem
666 405 720 467 ejus
732 407 769 454 rei
781 408 896 466 veniam,
906 418 932 455 et
940 423 1010 455 mo-

79 492 127 531 ‹tos
145 491 232 531 senatu
240 516 247 539 ‚
260 489 427 541 stercoratos
443 478 519 526 simul
533 477 743 544 propositurum:
756 491 786 527 ut
798 478 921 542 judicium
934 497 1004 528 cen·

87 573 188 612 sorum,
206 570 236 609 ac
246 553 328 619 pudor
342 563 433 618 sponte
447 549 593 600 cedentium
605 551 741 616 permixti,
754 552 923 617 ignominiam
933 554 1008 602 moi-

85 614 194 680 iiscntr.
205 627 245 676 Ob
256 642 285 676 ea
299 626 437 691 Vipstanus
446 624 535 672 consul
546 624 648 682 retulit,
660 635 780 689 apatrem
795 627 897 675 senatis
908 627 1006 693 appel·

87 705 194 755 landum
199 717 253 752 esse
258 700 394 751 Claudium
402 719 407 749 :
414 700 508 765 quippe
513 701 687 764 promiscuum
690 704 783 770 patris
786 705 893 771 patria»
904 719 1011 769 cogno-

89 789 228 828 mentum:
247 791 313 824 nova
331 775 358 824 in
373 773 557 838 rempublicam
573 775 664 822 merita
682 790 733 822 non
751 775 853 825 usitatis
870 778 1010 827 vocubulis

62 849 237 919 Jbonorsnds
246 865 271 898 n.
287 847 337 897 ted
350 849 403 914 ipse
416 844 531 896 cohibuit
542 848 689 906 consulem,
705 859 734 897 ut
743 848 852 898 nimiism
869 863 1010 899 assentan-

66 918 75 927 '
91 935 145 973 tem
159 941 164 972 :
177 921 342 987 condiditque
354 921 478 980 lustrum,
489 933 540 984 quo
551 936 625 970 censa
635 933 695 970 sunt
703 921 799 971 civium
808 936 874 970 txrx
884 934 1006 982 centena,

93 1008 121 1046 et
133 1011 198 1045 nutv
210 996 302 1048 millis.
316 994 390 1061 isque
408 995 447 1044 iili
457 994 513 1044 linis
530 996 635 1051 inscitius
654 1013 712 1063 erga
730 996 833 1047 domum
845 1013 914 1045 suam
930 997 1001 1045 luit:

93 1066 162 1120 hbud
176 1068 259 1118 multd
267 1081 340 1136 post,
353 1060 445 1134 lingitis
461 1070 548 1118 uxoris
567 1085 672 1119 noscere
689 1086 719 1119 ae
735 1071 823 1137 punire
838 1069 954 1128 adactus,
970 1079 1006 1119 ut

95 1144 187 1197 deinde
199 1143 342 1194 ardesceret
352 1143 379 1191 in
390 1143 492 1208 nuptias
507 1143 626 1192 incestas.
964 1186 966 1189 ,

126 1217 224 1267 xxvi.
239 1217 294 1266 Jsm
302 1215 775 1267 Messalinafacilitateadulterorumin
781 1215 1006 1277 semidiametri,

95 1292 128 1343 sd
137 1293 277 1356 incognitas
285 1289 404 1339 libidines
413 1290 556 1356 profluebat
565 1309 571 1355 5
582 1308 661 1355 quum
671 1293 798 1362 abrumpi
805 1290 1007 1344 dissimulatio·

97 1384 158 1420 nem
169 1366 245 1413 etiam
255 1363 345 1425 Silius,
356 1350 409 1410 sive
418 1359 488 1410 lateii
496 1363 632 1427 vecordis,
643 1379 674 1411 an
685 1364 871 1412 imminentium
883 1364 1010 1429 periculo-

95 1455 155 1489 tum
168 1437 309 1488 remedium
321 1437 375 1501 ipsa
386 1435 497 1502 pericula
506 1448 594 1496 ratus,
605 1436 718 1500 urgebat.
729 1439 830 1503 Quippe
839 1454 890 1486 non
904 1436 935 1487 ed
947 1454 1008 1487 run·
1062 1466 1064 1471 <

95 1518 166 1572 tum,
176 1523 205 1560 ut
212 1520 337 1560 senectam
347 1510 469 1575 principie
478 1512 672 1576 opperirentur:
681 1511 823 1561 insontibus
833 1512 1008 1561 innoniscon·

96 1586 168 1648 silia3
178 1583 440 1650 digitiismanifestis,
449 1585 631 1637 subsidiumab
639 1586 741 1636 andacii
750 1586 887 1653 petendum
898 1604 904 1634 s
915 1586 1004 1637 adesse
1084 1619 1088 1625 «

97 1659 228 1721 conscios,
239 1656 310 1723 pariu
321 1667 474 1706 metuentes.
485 1658 516 1706 Se
527 1658 653 1718 caelibem,
663 1660 768 1724 orbum,
778 1661 875 1725 nuptiis
886 1671 911 1708 et
920 1658 1003 1726 adop-

97 1731 177 1783 tandu
183 1731 450 1798 Britannicoparatum
460 1749 466 1780 :
477 1726 623 1783 mansuram
633 1733 746 1793 eamdem
756 1733 905 1784 Messallinae
911 1746 1005 1801 poten·

98 1807 161 1857 tium
169 1843 175 1863 ‚
184 1805 269 1855 additi
281 1806 425 1865 securitate,
441 1807 464 1855 si
474 1809 642 1872 prevenirent
652 1806 786 1856 Claudium
798 1842 805 1864 ,
819 1817 845 1855 ut
855 1807 952 1857 insidiis
963 1809 1005 1857 in·

99 1891 204 1939 cantum
210 1915 218 1940 ,
227 1881 261 1928 its
270 1879 452 1946 iraepropernm
460 1897 487 1929 n.
498 1882 611 1946 Segniter
618 1880 1008 1946 baerocesacceptaemonsmore

53 1958 58 1971 ¹
96 1954 126 2006 iu
136 1953 324 2019 maritum31ed
340 1972 372 2003 ne
387 1954 464 2004 Silius
478 1972 578 2005 summa
596 1956 702 2023 adeptus
713 1967 843 2022 sperneret
854 1955 1011 2017 aduiteram,

101 2029 231 2094 scelusque
245 2029 312 2079 inter
322 2029 440 2096 ancipitia
449 2029 601 2095 probatum,
613 2031 681 2078 veris
689 2045 752 2079 mox
761 2029 848 2097 pretiis
859 2025 1009 2100 aestimarem

100 2116 197 2153 nomen
215 2115 300 2153 tamen
318 2103 476 2153 matrimonii
492 2104 658 2168 concupivit,
678 2106 711 2154 ob
728 2104 929 2170 magnitudinem
944 2106 1010 2156 infa-

104 2176 175 2232 mius,
185 2176 257 2239 cujus
270 2177 338 2242 apud
349 2176 469 2251 prodigos
481 2177 619 2228 novissima
632 2180 750 2243 voluptas
760 2190 807 2226 est.
817 2178 874 2226 Nec
885 2180 952 2229 utsrt
964 2181 1030 2228 ex··'

103 2258 231 2312 spectato,
240 2248 315 2311 quim
330 2248 391 2299 dum
403 2251 519 2299 sacrificii
527 2249 607 2314 gratii
621 2249 741 2297 mundius
753 2249 850 2296 Ostiam
860 2250 1007 2313 proficisce-

99 2330 186 2373 retur,
196 2330 286 2367 cuneta
297 2322 444 2386 nuptiarum
456 2323 569 2374 solennis
581 2320 702 2370 celebrat.
712 2341 716 2346 -
730 2334 740 2353 ⁹

136 2390 250 2441 XXVII.
264 2392 341 2442 Haud
350 2411 406 2443 sum
420 2399 519 2463 ignarus
529 2395 673 2454 ¹fabulosum
683 2393 764 2441 risum
778 2392 822 2448 iri,
836 2401 936 2440 tantum
948 2390 1004 2439 ullis

105 2465 253 2515 mortalium
265 2468 406 2518 securitatis
419 2467 508 2531 luisse,
521 2468 547 2516 in
565 2465 666 2515 civitate
683 2465 798 2514 omnium
811 2462 888 2530 gnari
904 2475 930 2512 et
939 2462 1003 2512 nibil

106 2532 247 2598 reticente,
259 2538 354 2591 nedum
371 2544 501 2591 consulem
518 2539 689 2604 designatum,
706 2555 764 2586 eum
776 2554 855 2588 tinore
873 2536 1004 2603 principis,

104 2612 223 2678 predicti
232 2614 285 2676 die,
295 2614 428 2675 adhibitis,
435 2618 479 2680 qui
486 2617 663 2683 obsignarent.
674 2612 967 2680 velntsuseipiendorum
973 2611 1005 2660 li·

105 2680 226 2747 herbrum
237 2689 311 2751 causi
318 2729 326 2751 ,
334 2690 496 2741 convenisse:
506 2702 581 2754 atque
591 2684 661 2737 illam
673 2685 771 2736 erudisse
781 2689 911 2754 auspicum
923 2685 1004 2750 rerba,

107 2758 220 2818 subisse,
239 2763 387 2813 sacrificasse
400 2763 467 2829 apud
483 2762 556 2824 deos,
573 2762 727 2812 discubitum
743 2762 808 2811 inter
824 2762 956 2825 convivam
968 2773 1006 2806 os-

61 2876 64 2881 .
107 2829 182 2889 cuia,
194 2834 357 2900 complerus3
371 2846 473 2883 noctem
486 2834 595 2899 denique
607 2845 689 2884 actam
702 2833 803 2882 licentii
815 2834 948 2898 conjugali.
961 2831 1005 2879 Sed

74 2954 78 2961 ,
107 2901 173 2953 nibil
180 2908 350 2969 compositum
358 2905 475 2956 miraculi
485 2907 559 2955 causa
565 2944 574 2968 ,
585 2908 676 2958 rerum
685 2905 770 2956 audita
780 2909 921 2973 scriptaque
929 2906 1005 2954 senio·

106 2974 179 3027 ribus
192 2976 299 3024 tradam.

138 3046 265 3096 XXVIII.
278 3049 357 3112 Igitur
364 3047 454 3099 domus
460 3051 582 3117 principis
591 3052 765 3124 inhorruerat5
773 3052 940 3116 maximique,
947 3065 1005 3115 quos

107 3121 316 3185 penespotentia,
327 3133 362 3185 et,
374 3124 440 3173 sires
448 3136 585 3184 verterent,
593 3125 718 3190 formido,
729 3145 781 3176 non
789 3130 839 3192 jam
848 3123 1005 3175 secretiscsi·

107 3192 215 3257 loquiis,
231 3194 275 3242 sed
289 3194 374 3261 aperti
385 3195 505 3255 fremere,
522 3198 614 3246 «Dum
630 3197 722 3249 histrio
735 3201 880 3249 cubiculum
891 3195 1005 3263 principis

107 3266 272 3314 exsultaverit
281 3278 288 3322 ·,
299 3267 522 3332 dedecusquidem
535 3269 633 3315 illatum
643 3287 650 3332 5
659 3272 705 3320 scd
716 3273 854 3321 exscidium
865 3269 954 3336 procul
964 3268 1006 3315 rb-

105 3333 183 3389 tonse
198 3353 204 3384 :
222 3352 289 3388 nunc
305 3338 424 3404 jureum
435 3340 562 3407 nobilem,
574 3338 697 3416 dignitate
715 3343 817 3419 torma,
829 3345 855 3397 ri
866 3360 928 3396 men
938 3342 979 3405 tis,
990 3358 1005 3392 a
1018 3338 1022 3343 ’
