2234 3817
128 119 179 171 rto
437 133 459 169 e.
481 132 578 168 conr.
599 129 714 169 racrrt
764 128 765 131 ’

131 214 246 279 trabalia.
262 215 347 266 Etiam
358 212 408 263 fers
420 214 549 273 animalia,
564 215 585 265 si
598 213 683 264 clausa
697 227 784 264 terreas
795 249 803 272 ,
815 212 925 263 virtutis
938 212 1036 263 oblitis·

129 299 234 337 cuntur.
245 291 373 337 Romanos
385 304 489 348 omnes,
500 289 527 336 in
541 288 632 335 finibus
641 288 744 359 restria,
757 287 899 339 trucidetis
911 306 917 335 :
930 286 998 335 baud
1007 286 1039 338 fs·

131 361 180 410 cue
191 362 307 419 libertas,
315 359 444 410 etdomini
453 364 600 409 miscentur.
607 360 677 409 Bona
685 359 886 410 interfectorum
900 363 926 409 in
935 361 1039 409 medium

100 424 104 435 '
130 430 237 494 cedant,
251 450 282 481 ne
295 434 351 500 quis
361 433 476 481 occulere
487 431 643 497 quidquam,
656 444 700 481 aut
710 448 847 497 segregare
864 448 968 482 causam
979 447 1040 479 suant

133 507 222 570 possit.
241 508 326 555 Liceat
340 508 415 555 nobis
433 506 557 569 vobisque
577 517 709 570 utramque
726 506 814 570 ripam
830 507 934 563 colere,
947 515 976 552 ut
987 505 1040 552 olim

134 579 369 641 majoribusnostris
378 597 384 626 ι
393 579 521 644 quomodo
531 580 615 626 lucem
626 578 743 641 diemque
750 579 879 627 omnibus
888 578 1040 641 bominibut3

134 654 168 699 ita
177 667 264 701 omnes
275 664 355 701 terras
363 652 469 700 fortibus
479 650 540 702 viris
547 664 639 700 natura
650 653 757 716 aperuit.
768 652 899 700 Instituta
906 652 1043 713 cultumque

133 726 244 792 patrium
260 729 397 786 resumite,
414 728 528 792 abruptis
548 726 736 791 voluptatibus,
752 727 851 789 quibus
867 727 970 775 Romani
985 726 1043 790 plns

104 824 109 829 ι
134 798 254 849 adversus
262 800 397 865 subjectos,
403 800 477 865 quim
488 802 565 850 armis
574 799 670 851 valent:
683 798 799 847 sincerus
808 806 839 848 et
847 801 983 864 integer,et
990 813 1044 846 ser·

135 873 226 923 ritutis
234 873 329 921 oblitus
335 875 454 940 populna,
462 883 505 921 aut
511 889 543 920 ex
550 889 620 937 aequo
626 873 713 936 agetis,
722 883 766 931 aut
772 873 834 919 aliis
840 872 1042 937 imperitsbitisp.

167 943 248 995 va.
259 935 472 1013 Agrippinenses,
483 958 586 1012 sumpto
598 943 759 994 consultandi
770 947 876 1010 spatio,
891 943 991 1009 quando
1002 959 1044 992 ne-

135 1035 184 1083 que
194 1021 276 1069 subire
285 1021 444 1071 conditiones
450 1035 534 1072 metus
543 1022 633 1080 luturi,
641 1035 724 1083 neque
733 1013 821 1085 palai'm
830 1017 1045 1086 adspernatione·

137 1091 201 1140 ditio
214 1110 322 1159 presens
332 1096 445 1154 sinebat,
457 1095 483 1144 in
496 1096 564 1144 hune
573 1092 678 1143 modum
688 1093 861 1157 respondent.
876 1111 892 1140 u
904 1095 965 1158 Qua
972 1092 1044 1157 priora

136 1165 262 1216 libertatis
274 1169 379 1219 seculus
397 1166 457 1223 data
472 1181 527 1227 est,
544 1165 656 1227 aridius,
670 1165 748 1231 quitur
760 1164 868 1215 cautius
883 1166 1046 1232 sumpsimus,

136 1251 168 1288 ut
180 1241 252 1291 vobis
268 1243 408 1306 ceterisque
421 1242 575 1306 Germanis,
591 1242 785 1307 consanguineis
800 1243 902 1290 nostris
913 1276 921 1299 ,
934 1238 1044 1304 iungere·

137 1330 204 1375 mur.
217 1313 306 1364 Muros
316 1317 438 1386 civitatis,
447 1317 659 1382 congregantibus
671 1332 698 1363 se
709 1332 787 1379 quum
797 1314 915 1364 maxime
925 1315 1045 1362 Romano·

138 1403 197 1435 rum
208 1390 371 1449 exercitibus,
385 1406 477 1455 augere
491 1392 579 1449 nobis,
593 1388 669 1454 quim
678 1387 793 1452 diruere,
809 1390 895 1439 tutius
907 1398 954 1437 est.
969 1386 996 1434 st
1009 1384 1045 1448 qni

138 1474 170 1508 er
178 1460 250 1510 ltalia
261 1476 322 1520 ‚aut
335 1465 483 1532 prouinciis,
494 1467 639 1529 alienigene
646 1466 672 1512 in
680 1464 773 1513 finibus
782 1461 1003 1520 nostrisl'uerant,
1010 1458 1044 1506 eos

140 1531 237 1582 bellurn
250 1538 408 1603 absumpsit,
421 1540 462 1586 rel
477 1539 502 1586 in
515 1554 571 1586 snas
584 1537 689 1602 quiaque
701 1536 772 1585 sedes
786 1534 915 1599 refugere.
930 1529 1045 1586 Deductis

82 1606 106 1617 ''
141 1606 256 1668 ollm,et
267 1611 400 1661 nobiscnm
413 1628 459 1675 per
469 1613 627 1658 connubium
637 1611 751 1668 sociatis,
764 1610 862 1671 quique
877 1612 942 1654 mox
959 1618 1047 1670 prore·

140 1678 217 1737 uere,
230 1681 282 1730 baec
294 1686 372 1749 patria
389 1694 434 1729 est.
446 1682 499 1727 Nee
514 1694 559 1726 ros
573 1678 637 1724 adeo
649 1679 749 1739 iniquos
761 1680 960 1733 existimamus.
973 1689 1002 1724 ut
1012 1677 1047 1725 iar

141 1753 222 1802 terfici
235 1754 251 1803 ir
265 1756 335 1805 nobis
348 1765 465 1822 parentes
473 1791 481 1816 ,
489 1749 697 1805 iratres,liberos
705 1761 804 1797 nostros
815 1749 916 1799 velitis.
930 1745 1049 1811 Vectigal

105 1856 108 1863 ·
142 1836 169 1872 et
185 1841 261 1877 onera
279 1828 493 1880 commerciorum
503 1823 665 1874 resolvimus.
679 1821 735 1885 Sint
747 1821 871 1870 transitus
882 1820 1046 1882 incustoditi,

138 1899 189 1963 'sed
203 1900 287 1951 diurni
299 1938 306 1963 ,
323 1915 349 1952 et
361 1904 488 1966 inermes,
507 1897 588 1947 donec
600 1911 668 1945 nota
678 1906 704 1944 et
713 1899 825 1944 recentia
835 1893 892 1959 jura
901 1895 928 1942 in
939 1904 1042 1942 vetusta·

143 1984 196 2021 teor
209 1975 393 2025 consuetudine
412 1985 551 2023 rer-tantur.
569 1969 705 2021 Arbitrum
722 1965 874 2016 habebimus
899 1967 1006 2015 Civilem
1020 1973 1042 2009 et

139 2044 268 2096 Veledam
278 2083 286 2110 ,
296 2047 365 2113 apud
379 2064 444 2112 quos
457 2057 530 2113 pacta
543 2044 723 2094 sanciantur».
740 2042 781 2090 Sic
797 2041 889 2090 lenitis
909 2038 1038 2092 Tencteris,

143 2118 220 2182 legati
231 2119 264 2169 ad
274 2122 382 2170 Civilem
393 2133 419 2169 et
426 2120 551 2173 Veledam
561 2120 633 2179 misai
646 2133 704 2165 curn
714 2115 786 2165 donis
797 2125 911 2174 ,euncta
919 2129 951 2162 ex
960 2111 1039 2161 volun·

145 2203 197 2242 tate
210 2194 434 2262 Agrippinensium
445 2193 634 2263 perpetravere.
649 2190 698 2240 sed
710 2190 797 2240 coriam
805 2190 893 2251 adire,
904 2187 1040 2251 adloquique

145 2264 267 2327 Veledam
282 2280 410 2331 negatum.
424 2270 585 2321 Arcebautur
598 2266 736 2333 adspectu,
749 2264 801 2331 qud
811 2262 980 2318 venerationis
993 2258 1039 2323 plat!

144 2338 245 2388 inesset.
258 2338 315 2403 lpaa
327 2338 395 2390 edita
404 2341 431 2388 in
441 2353 511 2390 turre
525 2340 656 2399 :delectus
668 2339 681 2387 e
691 2340 861 2404 propinquis,
875 2334 1039 2389 contulum·

111 2444 115 2451 ·
143 2425 271 2476 pomaque
280 2444 287 2469 ,
298 2422 327 2458 ut
336 2410 505 2461 internuntius
514 2408 628 2458 numinis
635 2445 643 2473 ,
655 2412 783 2475 portabat.

176 2483 271 2534 LXVI.
282 2483 495 2534 Civilissocietate
505 2482 729 2546 Agrippinensium
738 2495 831 2536 auctus
840 2521 849 2547 ,
858 2474 1037 2552 proximasoitl·

146 2568 212 2607 tates
221 2556 350 2618 allectam,
359 2570 403 2609 aut
415 2555 605 2608 adversantibus
613 2555 712 2607 bellum
722 2558 817 2610 inferre
827 2562 925 2614 statuit.
936 2557 1043 2616 ow·-

146 2634 229 2698 tisque
242 2634 339 2683 Sunicis
348 2671 354 2693 ,
364 2645 390 2684 et
399 2633 531 2698 iuventute
540 2646 628 2680 eorum
636 2646 682 2696 per
691 2630 810 2683 cobortes
819 2628 957 2701 compositi
966 2646 973 2689 ς
983 2637 1037 2688 ‘1¹¹⁰‘

145 2707 230 2756 minus
239 2707 305 2756 ultrir
314 2718 442 2774 pergeret,
456 2705 576 2757 Claudius
587 2704 673 2755 Labeo
687 2706 865 2767 Betasiorum,
876 2707 1035 2777 rorarunt}-

148 2796 215 2843 qus,
233 2793 258 2828 et
275 2782 426 2833 Neruiorum
438 2779 602 2831 tumultuarii
617 2782 809 2840 manutenuit,
821 2784 896 2832 fretus
907 2776 973 2830 1⁰⁰⁰>
986 2779 1035 2851 ΦΨ

148 2865 254 2917 pontem
270 2858 346 2909 Mosae
359 2858 470 2909 fluminis
488 2866 657 2923 antecaperet.
672 2854 879 2923 Pugnabatnrque
889 2852 1032 2910 inunguatur

149 2927 280 2990 ambigui,
291 2931 372 2981 donec
382 2931 504 2982 Germani
513 2935 711 2990 transnatantes,
719 2941 787 2996 terga
795 2925 913 2979 Labeonis
923 2915 1033 2970 invasere

149 2997 231 3069 Simul
247 3000 348 3060 Civilis,
360 3021 451 3062 ausus,
468 3021 500 3052 an
518 3020 549 3053 ex
560 3002 719 3067 composito,
738 3004 822 3053 intulit
831 3017 857 3050 se
866 2993 958 3063 agmini
969 2987 991 3036 T
992 3000 1034 3063 utt-

60 3122 66 3131 l
150 3084 269 3133 grorum,
285 3085 310 3121 et
330 3076 397 3123 clara
412 3094 489 3126 voce:
504 3077 667 3127 uNonideon
678 3112 685 3140 ,
698 3076 793 3141 inquit,
811 3071 926 3125 abellam
935 3070 1031 3145 SUPP‘?

150 3154 225 3203 ΠΜ»
239 3154 266 3189 ut
276 3142 362 3193 Batavi
374 3157 401 3195 et
417 3149 523 3197 treveri
533 3149 650 3213 gentibus
661 3149 795 3213 imperent.
808 3142 899 3196 Procul
909 3139 980 3188 lm·
993 3139 1035 3175 ¹¹⁰‘

144 3212 191 3261 ‘bis
202 3219 343 3285 arrogantia
354 3236 361 3265 ι
375 3224 480 3289 accipite
489 3225 635 3272 societatem
647 3239 654 3271 ε
666 3223 834 3289 transgrediar
844 3218 874 3269 ad
886 3220 987 3266 v051¹⁶¹¹
996 3210 1031 3246 ¹¹²⁶

150 3281 254 3346 dulcem,
265 3303 309 3335 seu
317 3291 426 3341 militem
440 3296 559 3351 marultis
570 3313 594 3345 n.
607 3295 758 3345 Merebatur
773 3297 874 3360 vulgus,
892 3277 1030 3336 00¹¹‘l‘b'm'

149 3368 199 3414 ‚⁴1ss0
207 3356 320 3428 gladon,
329 3378 406 3426 quum
419 3368 563 3433 Campanus
569 3404 577 3429 ‚
587 3385 617 3420 ac
627 3368 771 3437 lurenalis,
780 3386 811 3421 ea
818 3358 961 3436 prjmmibtt
966 3346 1031 3405 TW·
